4156 5586
1044 534 1049 544 ,
1165 467 1188 534 2

464 733 579 778 eorum
611 712 771 778 rationem
799 721 831 776 et
861 722 1013 776 naturam
1041 731 1084 774 ex
1105 707 1236 795 antiqua
1263 707 1421 776 memoria
1442 722 1476 776 et
1496 713 1673 782 involucris
1692 711 1887 799 fabularum,

461 871 601 936 quarum
621 869 776 938 magnam
798 847 925 936 copiam
948 869 1026 911 cana
1048 843 1203 910 Graeciae
1227 857 1370 911 vetustas
1391 845 1431 912 ad
1453 847 1506 912 illa
1525 859 1676 940 tempora
1697 855 1913 920 transmise„

462 998 529 1069 rat,
549 985 723 1072 exquirere
742 983 813 1050 fere
833 982 1053 1072 negligebant:
1082 992 1179 1067 atque
1199 981 1286 1046 haud
1309 983 1393 1066 scio,
1413 957 1455 1048 an
1476 957 1635 1070 majorem
1656 989 1746 1058 illinc
1766 989 1888 1054 utilita-

460 1135 531 1188 tem
556 1121 753 1209 uberiusque
780 1121 1054 1200 emolumentum,
1092 1117 1179 1204 quod
1208 1118 1338 1206 quidem
1366 1119 1406 1186 ad
1436 1121 1663 1214 vitecosum,
1702 1147 1800 1210 quem
1826 1124 1914 1201 illis,

459 1259 575 1326 seculis
595 1268 687 1323 tanto
707 1257 815 1324 studio
835 1255 1049 1336 sectabantur,
1068 1253 1219 1319 conferre
1233 1257 1400 1342 potuisset,
1423 1257 1579 1346 ceperint,
1598 1281 1697 1348 quam
1715 1259 1793 1326 hinc
1809 1280 1888 1326 um-

460 1417 559 1481 quam
572 1411 573 1416 ’
587 1394 713 1482 captiui
740 1393 886 1460 fuissent.
918 1395 1098 1460 *Praeterea
1118 1415 1161 1457 ne
1188 1392 1395 1460 mediocriter
1423 1395 1555 1499 quidem
1577 1396 1630 1463 illa
1653 1407 1739 1464 aetas
1761 1403 1890 1462 versata

461 1542 531 1596 erat
558 1543 591 1596 et
617 1499 790 1596 exerbitata
818 1531 853 1596 in
875 1530 926 1596 his
953 1529 1051 1596 rebus
1078 1527 1276 1611 tractandis,
1303 1542 1420 1617 utpote
1449 1553 1530 1618 quae
1550 1533 1687 1598 solutam
1706 1532 1888 1598 orationem

339 1689 341 1730 ς
459 1665 702 1754 facilioremque
721 1666 883 1734 scribendi
903 1689 1001 1733 nsum
1022 1667 1083 1732 vix
1104 1677 1219 1730 natum
1237 1665 1383 1770 yiderat,
1415 1666 1557 1734 necdum
1578 1669 1674 1756 plane
1696 1667 1889 1755 deposuerat

450 1804 638 1885 rationem,
660 1825 729 1890 qua·
745 1805 855 1869 omnia
875 1802 915 1868 ad
933 1802 1063 1890 pulchri
1084 1825 1218 1868 sensum
1237 1820 1394 1868 revocare
1414 1805 1519 1870 solent
1541 1803 1677 1892 po'eftae,
1704 1824 1887 1892 parumque

436 1937 637 2047 =assuefacta
656 1939 765 2024 judicii
787 1941 823 2005 vi
843 1950 876 2005 et
899 1939 1090 2021 subtilitate,
1111 1960 1174 2026 qua
1197 1939 1292 2005 unice
1313 1959 1396 2026 opus
1418 1953 1467 2006 est
1487 1941 1523 2006 in
1543 1941 1640 2008 rebus
1663 1941 1832 2023 historicis,
1854 1949 1887 2004 et
1952 2003 1957 2008 .

461 2099 504 2142 ex
524 2097 588 2164 qua
610 2076 719 2143 virtus
741 2098 852 2142 rarum
872 2076 1042 2164 scriptoris
1061 2079 1096 2144 in
1115 2076 1231 2164 primis
1254 2075 1451 2146 aestimanda
1471 2075 1614 2144 videtin.

494 2333 498 2340 ’
546 2349 758 2436 Quapropter
779 2347 860 2414 mhit
881 2361 940 2430 est,
960 2349 1048 2436 quod
1067 2350 1244 2432 miremur,-
1260 2373 1319 2416 cor
1338 2363 1478 2434 veteres,
1497 2360 1548 2416 tot
1569 2347 1730 2434 tantisque
1749 2341 1887 2412 difficul-
1939 2299 1941 2304 V

462 2485 580 2552 tathms
601 2483 765 2572 impediti,
785 2485 943 2570 ejusmodi
964 2486 1186 2581 subtilioribus
1207 2479 1482 2576 disquisitionibus
1507 2484 1676 2556 isnmcrari
1697 2483 1752 2550 vel
1771 2483 1887 2547 nolue-

462 2623 530 2690 rint
551 2623 605 2688 vel
625 2644 692 2687 non
713 2623 891 2708 potuerint.
931 2629 1009 2692 Huc
1030 2621 1170 2703 accedit,
1194 2621 1284 2707 quod,
1301 2623 1401 2709 primi
1422 2645 1535 2690 rerum
1558 2623 1760 2698 Graecarum
1781 2622 1888 2710 scrip—

413 2778 417 2784 ’
464 2772 563 2839 tores,
585 2758 700 2844 quibus
720 2747 831 2840 judicii
851 2757 902 2822 vis
926 2757 1010 2824 baud
1031 2757 1149 2838 deerat,
1168 2749 1249 2845 prae
1269 2779 1404 2826 suorum
1425 2772 1615 2848 temporum
1634 2760 1760 2850 ingenti
1775 2761 1888 2849 splen

466 2893 592 2960 dorcet
610 2893 793 2960 celebritate
808 2893 944 2960 libenter
961 2893 1235 2960 obliviscebantur
1258 2897 1454 2982 antiquitatis
1474 2919 1560 2979 suae,
1580 2909 1613 2963 et
1629 2898 1889 2984 quaestiuncula-

464 3053 541 3096 rum
558 3030 597 3096 de
612 3030 755 3116 cujusvis
770 3025 849 3096 anis
865 3031 1065 3118 primordiis.
1095 3029 1278 3098 Patefactus
1292 3031 1330 3098 iis
1346 3045 1415 3100 erat
1428 3032 1703 3122 splendidissimus
1715 3034 1768 3100 ille
1782 3034 1889 3100 bisto-

462 3169 531 3236 rise
551 3136 741 3235 scribendae
763 3187 912 3256 campus,
933 3169 969 3235 in
989 3189 1054 3256 quo
1066 3179 1109 3244 ,et
1130 3169 1298 3256 ingenium
1320 3179 1539 3251 ostentarent,
1565 3182 1597 3234 et
1617 3168 1773 3253 judicium
1791 3191 1891 3268 exer·

464 3317 591 3386 carent,
608 3317 644 3370 ‘et
664 3317 769 3378 artem
788 3305 985 3393 proderent3
1008 3304 1219 3391 quambrevi
1241 3317 1400 3390 tempore.
1413 3304 1454 3369 ad
1472 3315 1602 3370 tantum
1622 3301 1786 3404 fastigium
1807 3329 1887 3373 eve-

467 3453 606 3522 xerunt,
641 3453 680 3506 nt
704 3441 843 3532 posteris
871 3441 987 3506 naulis
1016 3439 1078 3506 vix
1103 3438 1221 3524 aliquid
1245 3437 1422 3527 perfectius
1441 3437 1671 3506 elaborandum
1691 3439 1892 3529 reliquerint.

465 3579 532 3664 Qui
553 3599 633 3642 vero
654 3579 830 3664 scriptores
849 3579 917 3662 jam
936 3588 1030 3644 antea
1050 3575 1087 3642 in
1110 3577 1308 3662 antiquitatis
1327 3573 1443 3643 fabulis
1460 3599 1478 3640 e
1496 3565 1668 3664 poetarum
1692 3578 1889 3649 carminibus

465 3715 649 3804 colligendis
674 3726 707 3780 et
734 3713 922 3782 ordinandis
949 3715 1098 3802 occupati
1117 3724 1230 3796 erant,
1263 3713 1305 3795 ii,
1334 3713 1409 3800 quia
1430 3715 1490 3782 vix
1509 3713 1651 3782 sabtdam
1672 3715 1713 3779 ab
1734 3715 1889 3786 historico

245 3828 252 3838 ⁰
296 3947 298 3950 Ι
465 3851 552 3918 sacto
573 3851 762 3939 dignoscere
791 3821 963 3930 callebant,
995 3861 1028 3916 at
1049 3850 1222 3916 historicae
1250 3851 1375 3916 critices
1403 3847 1474 3917 fere
1501 3825 1654 3938 expertes
1684 3863 1794 3936 erant,
1823 3855 1888 3922 ‘vix

395 3951 397 3956 Ι
467 3985 555 4076 digni
573 3987 705 4072 judicati
721 4000 814 4068 sunt,
834 3985 889 4074 qni
907 3983 1137 4055 historicorum
1158 3988 1358 4074 scriptorum
1373 3988 1507 4053 nomine
1523 3985 1771 4072 appellarentur,
1812 3987 1891 4058 Uti·
1916 4063 1918 4068 ,

356 4181 362 4195 ,
465 4145 545 4188 nam
573 4145 688 4190 omnes
716 4123 858 4205 fabulae,
895 4146 938 4188 ex
961 4123 1091 4209 antiqua
1118 4123 1276 4191 memoria
1302 4134 1515 4212 propagatae,
1550 4121 1629 4187 talea
1656 4120 1695 4190 ad
1723 4147 1784 4192 nos
1811 4097 1892 4214 per·

456 4261 655 4343 ¹vertissent,
685 4262 794 4348 quales
815 4260 900 4328 illius
924 4261 998 4327 aevi
1018 4260 1169 4326 sedulitas
1192 4261 1380 4348 collegerat,
1412 4233 1652 4345 colligendaeve
1676 4257 1711 4325 ai
1729 4259 1892 4346 patebant,

468 4401 609 4488 integras
631 4399 704 4466 dico
724 4411 757 4464 et
776 4398 999 4484 incorruptas,
1017 4396 1158 4463 necdum
1179 4397 1412 4464 conanunnss
1430 4393 1508 4460 fuco
1528 4397 1732 4492 sequentium
1750 4398 1892 4484 scripto-

470 4561 565 4622 rnrn,
592 4538 647 4626 qui
667 4557 791 4603 nexum
813 4533 1006 4600 historicum
1024 4533 1245 4601 ratiocinando
1265 4532 1385 4618 ubique
1405 4531 1616 4600 infarseruut·
