4196 5538
884 505 956 582 153
991 565 997 574 .

205 780 302 845 quam
331 757 520 824 Aristoteles
550 755 779 841 antiquissimis
808 758 964 846 theologis
992 755 1106 822 tribuit
1125 755 1177 840 ³⁶)
1209 779 1276 823 non
1305 773 1413 847 potest
1435 763 1469 828 in
1492 763 1628 831 dubium

199 896 330 974 vocari,
370 893 568 981 argumentis
597 903 640 956 ex
670 893 804 958 Hesiodi
832 893 1035 980 Homerique
1062 893 1258 960 carminibus
1296 897 1422 982 petitis,
1460 899 1515 964 ubi
1546 901 1627 968 nihil

198 1030 387 1114 hujusmodi
414 1033 547 1119 legatur.
601 1028 733 1096 Etenim
758 1032 945 1098 meminisse
974 1031 1081 1111 decet,
1119 1030 1178 1096 has
1200 1043 1234 1096 et
1255 1003 1374 1098 similes
1394 1036 1568 1102 sententias
1590 1037 1626 1103 in

199 1169 349 1258 autiquae
367 1167 523 1233 Graeciae
544 1166 708 1253 mysteriis
729 1167 860 1233 traditas
882 1191 950 1236 esse
957 1216 967 1249 ,
999 1131 1104 1254 ireque
1126 1179 1193 1233 tem
1216 1169 1365 1255 vulgares
1388 1171 1453 1237 ullo
1470 1160 1625 1260 'tempore
1721 1223 1725 1228 -

196 1303 295 1371 lactes
324 1327 410 1387 esse,
444 1317 479 1372 ut
505 1299 632 1396 poetae'
653 1331 765 1376 earum
795 1311 994 1375 mentionem
1026 1305 1161 1374 omnino
1187 1304 1363 1374 ‘debuerint
1388 1309 1530 1392 injicere.

795 1549 1015 1710 xxxiv.

277 1819 425 1912 Primum
452 1819 597 1886 Graecae
627 1821 852 1908 cosmogoniae
874 1822 1058 1908 specimen,
1094 1813 1242 1904 a'primo
1264 1817 1401 1906 Orpheo
1422 1819 1620 1906 protectum,

192 1966 226 2020 et
247 1977 306 2040 per
328 1955 529 2044 disciplinam
551 1955 731 2044 Orphicum
752 1949 985 2044 propagatum,
1019 1957 1183 2042 simplex,
1211 1968 1247 2020 ut
1269 1956 1394 2036 omnia,
1427 1979 1507 2044 quae
1529 1961 1616 2026 anti-

121 2095 130 2102 “
193 2091 285 2176 quius
316 2083 433 2156 aerum
463 2095 552 2172 tulit,
590 2091 687 2157 fuisse
709 2105 847 2180 oportet.
899 2093 946 2158 Ut
968 2093 1096 2179 lyrico,¹
1121 2093 1165 2156 ita
1195 2091 1258 2156 hoc
1279 2091 1465 2158 didascalico
1486 2116 1617 2180 quoque

190 2229 296 2311 poesis
318 2231 445 2314 generi,
464 2229 601 2316 prolusit
622 2228 796 2315 Orpheus;
823 2227 901 2294 nihil
921 2227 1056 2316 perfecti
1078 2239 1111 2292 et
1134 2229 1286 2293 omnibus
1308 2230 1452 2294 numeria
1478 2194 1616 2300 absoluli

190 2363 284 2429 dedit.
325 2367 381 2430 Ne
402 2365 562 2432 Hesiodus
583 2363 732 2450 quidem,
761 2365 815 2450 qui
836 2365 871 2448 in
891 2363 1006 2428 iisdem
1030 2365 1231 2451 regionibus,
1259 2365 1315 2432 ubi
1337 2365 1483 2452 Orphica
1506 2335 1613 2456 poesis

148 2501 151 2504 ’
187 2499 329 2582 floruit,
352 2501 504 2566 cecinisse
530 2501 739 2588 perhibetur,
770 2501 950 2590 legitimum
979 2523 1111 2598 carmen
1133 2501 1363 2570 didascalicum
1378 2503 1540 2569 exhibuit:
1577 2505 1611 2570 id

187 2627 271 2723 quod
295 2637 500 2724 sequentibus
522 2640 679 2728 gnomicis
702 2639 805 2726 poetis
835 2638 983 2704 nondum
1009 2638 1151 2726 contigit.
1202 2639 1309 2725 Magis
1336 2639 1371 2703 in
1400 2639 1463 2703 hoc
1489 2661 1610 2728 genere

184 2773 395 2863 profecerunt
415 2775 600 2864 philosophi
621 2775 739 2841 Graeci
762 2773 898 2840 conditis
920 2774 1071 2860 operibus
1094 2777 1170 2863 scapi
1196 2769 1331 2862 φύσεως.
1380 2775 1429 2841 Hi
1457 2798 1606 2859 verosa,

186 2937 267 2998 quse
294 2916 423 2999 antiqua
451 2895 563 3000 poesis¹
587 2912 647 2977 sub
675 2911 856 2980 fabularum
883 2912 1059 2992 involucris
1087 2913 1269 3000 proluserat
1291 2912 1332 2976 de
1352 2915 1460 3000 prima
1482 2917 1606 3001 origine

185 3049 319 3134 mundi,
340 3051 374 3114 itt
394 3073 489 3116 usum
513 3071 609 3116 suum
630 3057 871 3128 convertentes,
905 3049 947 3113 ita
969 3061 1004 3112 ut
1027 3072 1068 3136 ne
1090 3074 1108 3113 a
1128 3048 1234 3114 forma
1257 3048 1388 3136 quidem
1407 3050 1606 3132 recederent,

182 3189 386 3274 primitivum
410 3188 635 3273 cosmogoniae
655 3186 821 3274 specimen
839 3196 1098 3288 transmutarunt
1119 3186 1153 3250 in
1173 3185 1457 3272 cosmophysicem
1475 3201 1507 3252 et
1530 3191 1607 3262 cos-¹¹
1650 3185 1659 3204 ‘

184 3325 373 3412 mologiam,
407 3326 500 3388 motis
524 3321 761 3410 quaestiouibus
791 3321 831 3385 de
857 3323 1056 3409 primigeniis
1084 3343 1197 3387 rerum
1229 3323 1405 3388 elementis.
1463 3323 1511 3387 At
1536 3325 1604 3406 jam

184 3475 276 3527 antes
304 3462 468 3546 antiquior
500 3463 719 3548 cosmogouie,
756 3459 845 3540 cujus
879 3460 1058 3546 genuinum
1087 3481 1220 3524 sensum
1250 3459 1338 3546 ipsae
1368 3461 1605 3525 elementorum

184 3599 312 3664 diuinae
343 3595 639 3688 persenilicationes
670 3589 834 3684 pardlatinr
867 3595 1137 3676 obscuraverant,
1176 3598 1211 3660 in
1242 3601 1366 3671 mer'am
1398 3597 1604 3684 theogoniam

186 3738 322 3834 abierat,
359 3755 461 3822 quum
489 3734 570 3821 epici
603 3727 710 3801 ἀοιδοὶ
742 3735 877 3815 deorum
902 3733 1023 3800 formas
1050 3749 1083 3800 et
1113 3757 1219 3800 mores
1246 3737 1394 3800 excolere
1415 3736 1604 3822 coepissent,

253 4048 298 4117 ³⁶)
315 4054 357 4106 lle
376 4055 465 4104 arrium
485 4057 510 4112 l,
528 4051 554 4108 5·
573 4063 599 4114 p·
608 4053 669 4109 485·
684 4047 710 4104 h.
736 4050 851 4106 Casuub.
870 4051 918 4116 (cl.
938 4050 972 4105 de
990 4065 1053 4119 gen.
1072 4069 1115 4104 au.
1134 4059 1160 4116 2,
1178 4060 1202 4110 1.
1221 4049 1347 4120 Simplic.
1364 4066 1391 4118 p.
1403 4039 1446 4110 19.
1459 4047 1514 4115 b.):
1547 4055 1603 4107 oret

178 4155 221 4212 γὰρ
238 4149 261 4214 (l
282 4139 376 4212 όςφικὸς
402 4145 478 4213 niret)
501 4148 542 4197 ‘tir
568 4146 642 4203 thim
667 4149 692 4193 ΙΙ
716 4153 756 4195 ⁷⁸¹7
781 4157 834 4202 inti
852 4157 940 4207 slohun
959 4151 1108 4202 deterrime
1126 4151 1249 4212 asporatius
1269 4153 1312 4196 inl
1330 4152 1373 4195 νῦν
1391 4151 1484 4206 turpes.
1519 4147 1602 4201 “Hoc

180 4243 289 4310 lli-plici
307 4245 463 4308 decretum,
488 4247 578 4312 hiqult
596 4243 751 4300 Lobeckiua
770 4248 816 4312 (de
834 4249 972 4316 Tritopat.
990 4255 1016 4307 2·
1039 4261 1066 4314 p·
1075 4245 1128 4308 8.),
1152 4229 1397 4312 quodartiiiciosu
1416 4243 1601 4312 philosopho-

179 4359 242 4391 nun
261 4347 485 4416 interpretatione
505 4349 579 4396 sario
598 4359 763 4400 exornatum
782 4343 840 4409 cst,¹
855 4348 947 4411 ipsum
965 4359 1014 4411 per
1026 4339 1063 4394 ‘se
1083 4339 1155 4393 nibil
1174 4339 1250 4392 eliud
1270 4339 1522 4411 siguificat,quu1u
1540 4343 1603 4410 hoc,

177 4435 253 4503 quod
279 4439 492 4506 simplicissimis
518 4439 679 4497 horninibus
705 4457 731 4497 et
757 4441 790 4494 ah
816 4447 893 4495 omni
917 4440 1134 4511 philosophandi
1156 4429 1312 4493 ¹subtilitate
1338 4441 1422 4509 louge
1441 4445 1554 4494 centoris
1572 4443 1603 4494 in

140 4591 141 4594 Ἴ
178 4545 298 4584 mentem
316 4535 420 4600 corriel,
448 4543 570 4590 animum
589 4547 802 4606 essetantmrnn,
829 4541 1046 4608 eiusqueritatn
1065 4543 1165 4608 spiritu
1184 4539 1347 4592 contineri-'¹
1383 4535 1605 4594 othitheus

176 4629 292 4685 Arnstel.
312 4633 345 4686 T.
356 4639 381 4698 2,
400 4641 426 4693 2·
451 4650 478 4702 p·
488 4640 532 4697 87·
557 4661 593 4678 -
630 4637 662 4690 hl
679 4639 803 4692 noudum
822 4639 932 4705 assequi
949 4647 1059 4705 poterat
1078 4635 1284 4691 Tiedetnanuut
1313 4637 1393 4702 Ριῧὸι
1410 4621 1455 4697 45·

1163 4765 1207 4829 20
