4196 5538
879 521 960 598 '171
1046 560 1050 566 ·
1120 525 1126 532 ’

776 625 1059 657 fi-ffl-—w—-d-fl*

201 738 372 856 probabile
402 759 547 852 videtur,
586 779 691 835 totum
716 768 762 833 de
790 769 920 836 Baccho
949 769 1120 842 dilacerato
1149 768 1323 856 mythum,
1345 769 1635 846 rPisisaatidamm

206 905 437 972 deflorescente
465 927 546 971 aevo
576 905 615 970 ab
644 905 855 976 Ouomeorito
879 895 1216 994 recenslictttrn,ssab
1241 905 1424 994 aequalibus
1445 911 1565 994 poetis,
1592 925 1633 975 ‘ut

202 1043 390 1142 Aeschylo,
411 1045 452 1108 in
473 1063 602 1107 scenam
621 1043 706 1110 illico
724 1043 922 1132 productum
944 1045 1038 1110 esse?
1078 1045 1158 1110 Non
1177 1047 1266 1112 tauta
1285 1041 1434 1132 profecto
1455 1043 1516 1110 tait
1534 1046 1631 1112 Ono·
1679 1084 1682 1089 ι

94 1229 104 1256 ,
204 1180 343 1244 macrito
373 1169 512 1247 Athenis
545 1177 630 1268 apud
651 1183 790 1268 tragicos
813 1193 925 1269 poetas
948 1180 1137 1262 auctoritas,
1179 1193 1216 1246 ut
1244 1181 1313 1264 ejus
1336 1179 1464 1245 fabellas
1489 1183 1628 1248 vixdum
1712 1251 1722 1276 x

204 1315 357 1381 conflatas
381 1315 421 1380 de
448 1339 543 1384 scena
561 1303 735 1396 docereatt
771 1302 896 1406 quippe
913 1317 969 1405 qui
990 1317 1141 1384 fraudum
1165 1330 1272 1382 essent
1293 1279 1472 1398 memores,
1501 1311 1627 1404 'quibus

121 1509 126 1518 .
204 1454 369 1540 antiquam
397 1454 525 1543 Orphei
554 1455 743 1542 Musaeique
769 1455 884 1540 poesin
910 1455 1173 1542 interpolaverat.
1210 1487 1253 1504 -
1296 1455 1345 1520 At
1373 1473 1448 1518 cum
1470 1455 1629 1541 mytbum

204 1590 294 1656 illum
327 1593 580 1658 vetustissimum
613 1613 683 1658 esse
719 1591 905 1672 contendo,
941 1593 1018 1682 uolo
1050 1592 1158 1658 statim
1190 1611 1264 1655 curn
1294 1591 1360 1658 aliia
1398 1592 1628 1672 narrationem,

206 1699 332 1812 qualem
361 1731 511 1796 Clemens
536 1743 568 1795 et
589 1732 732 1796 Nonnus
751 1730 855 1794 ‘nobis
883 1740 1058 1794 servarunt
1075 1727 1144 1812 ⁸⁵),
1186 1749 1248 1814 pro
1276 1727 1417 1814 genuina
1447 1714 1627 1794 venditare.

204 1867 312 1934 Immo
339 1867 418 1932 haec
447 1891 482 1934 ea
509 1867 639 1964 ridetur
661 1889 746 1948 ease,
783 1889 881 1953 quam
901 1867 1072 1932 Parmenios
1102 1863 1141 1928 ab
1162 1863 1375 1930 Onomacrito
1397 1863 1626 1950 amplificatam

203 2025 289 2083 esse,
308 2005 474 2091 productis
498 2003 686 2082 Titanibus,
705 2003 815 2068 refert
859 2003 1089 2088 Antiquiorem
1112 2003 1180 2086 ejus
1203 2001 1379 2078 rationem,
1410 2011 1499 2064 atot
1520 2003 1624 2086 poetis

192 2141 359 2220 ‚variatam
383 2155 416 2206 et
438 2153 647 2221 exornatam,
678 2139 775 2205 hodie
796 2141 855 2205 vix
875 2158 1048 2227 possumus
1071 2138 1232 2204 divinare:
1267 2149 1298 2202 et
1319 2139 1355 2218 in
1376 2157 1413 2198 re
1436 2147 1503 2200 tam
1526 2137 1623 2202 dubia

201 2281 297 2343 satius
320 2291 368 2344 est
386 2280 602 2366 ignorantiam
623 2275 789 2366 profiteri,
822 2273 983 2361 quemad
1011 2295 1112 2340 vanas
1132 2242 1358 2344 hmiolationes
1379 2271 1492 2336 delabi.
1550 2276 1626 2339 No-

199 2416 248 2480 bis
271 2416 396 2508 sufficit,
411 2419 506 2483 etia'rn
529 2415 653 2482 fabulae
674 2431 819 2493 summa,
853 2411 1018 2476 Bacchum
1041 2377 1239 2498 discerptum
1260 2432 1346 2513 esee:
1382 2435 1465 2500 quae
1494 2437 1547 2480 res
1577 2416 1624 2480 si·

199 2555 275 2618 mile
296 2554 439 2640 Orphei,
473 2555 573 2642 primi
595 2552 767 2618 sacerdotis
797 2548 932 2629 Bacchi,
964 2546 1068 2614 iatum
1095 2547 1189 2613 nobis
1209 2550 1244 2617 in
1266 2552 1459 2615 memoriam
1481 2564 1623 2616 revocat.
1728 2593 1731 2596 -

199 2693 240 2755 In
263 2693 380 2778 vulgus
403 2703 510 2759 autem
533 2703 649 2756 notum
677 2701 744 2770 est,
775 2685 960 2752 sacerdotes
979 2683 1107 2750 easdem
1125 2706 1280 2772 personas
1301 2686 1457 2767 induere,
1492 2687 1623 2766 eadem-

200 2851 262 2914 que
284 2828 348 2893 fata
372 2817 390 2892 e
411 2840 563 2894 veterum
590 2825 814 2894 traditionibus
836 2824 944 2891 subire
966 2823 1083 2904 solere,
1115 2834 1210 2909 atque
1231 2823 1292 2912 ipsi
1314 2822 1375 2904 dii,
1407 2844 1548 2908 quorum
1570 2846 1623 2888 sa·
1700 2871 1710 2878 -

201 2967 344 3031 eerdotes
375 2979 451 3031 sunt
469 2965 530 3066 ⁸⁶).
583 2965 631 3030 Ut
651 2964 749 3050 igitur
778 2962 1168 3051 Zagreus-Dionysusa
1196 2960 1332 3025 lunonis
1355 2959 1512 3026 ultoribus
1542 2959 1622 3026 dila·

200 3116 324 3170 ceretus
349 3118 417 3184 est,
445 3105 489 3170 ita
510 3101 665 3190 Orpheus
686 3121 704 3164 a
723 3099 953 3177 Maenadibus;
990 3119 1068 3182 quas
1099 3097 1237 3162 lunonis
1259 3071 1412 3164 ultricum
1432 3109 1540 3182 partes
1564 3097 1623 3166 ali÷

199 3243 328 3330 quaudo
350 3242 527 3328 suscepisse
549 3236 718 3326 probabile
737 3250 803 3318 est„
850 3235 951 3320 Cujus
981 3231 1106 3298 fabulae
1128 3253 1221 3296 causa
1243 3231 1468 3297 diversissimis
1492 3233 1627 3318 quidem

200 3381 266 3444 aliis
293 3373 396 3442 modis
419 3377 536 3442 tradita
564 3387 623 3441 est.
678 3375 731 3438 Sic
754 3372 941 3458 Aeschylus
965 3371 1000 3434 in
1020 3367 1241 3434 Bassaridibus
1270 3357 1462 3455 Orpheum,
1501 3369 1556 3454 qui
1583 3368 1622 3459 ab

200 3518 353 3604 Apolline
381 3517 490 3601 lyram
518 3513 710 3599 accepisset,
749 3522 781 3577 et
802 3509 993 3604 Apollinem
1015 3504 1180 3572 habuisset
1200 3527 1368 3570 summurn
1392 3504 1506 3593 deum,
1541 3473 1625 3570 Beie-

202 3655 299 3719 cbum
323 3665 436 3717 contra
457 3649 694 3728 contemneret,
724 3647 898 3734 produxit,
931 3665 1069 3727 emaque
1090 3641 1132 3706 ob
1155 3643 1263 3728 ipsum
1282 3643 1402 3708 Bacchi
1423 3653 1625 3708 contemtum

201 3789 449 3859 aMaenadibus
472 3784 681 3851 interfectum
702 3803 771 3848 esse
794 3765 902 3854 docuit
920 3779 984 3862 ⁸²).
1031 3776 1122 3843 Hinc
1151 3777 1331 3842 Cteuzerns
1359 3779 1507 3864 primurn
1528 3749 1625 3840 code-

203 3961 646 3988 W

275 4077 321 4144 ⁸⁵)
339 4079 424 4134 Clam.
455 4076 536 4134 Alex.
566 4071 707 4138 Protrept·
732 4083 760 4136 p·
770 4073 814 4129 15.
846 4065 950 4122 Potter.
982 4061 1075 4124 Noun.
1096 4045 1205 4126 alu.
1242 4058 1370 4130 eruzer.
1398 4055 1524 4126 symbol.
1549 4057 1583 4112 T.
1597 4062 1624 4118 3.

204 4198 231 4248 r·
248 4184 309 4240 sn·
333 4177 421 4245 (351.)
515 4181 522 4258 ζ
977 4191 981 4205 ·
1579 4199 1580 4204 ,

274 4305 324 4376 ⁸⁶)
342 4303 494 4370 schatmg.
511 4298 547 4354 de
564 4296 619 4352 tiis
637 4288 777 4356 &motha
795 4304 822 4358 p.
832 4291 893 4353 83„
910 4285 1041 4344 Cramer·
1059 4279 1185 4350 symbol·
1203 4279 1270 4338 T.3·
1288 4292 1315 4348 l’·
1326 4280 1387 4338 447·
1405 4275 1504 4352 (47³·)·
1539 4273 1625 4330 simr-

204 4409 241 4463 lia
259 4407 315 4461 vid.
338 4417 382 4472 ap.
406 4399 568 4454 Smtocruc.
596 4393 630 4448 Τ.
640 4399 666 4455 2.
694 4391 773 4458 tubb-
1335 4435 1337 4442 ,
1463 4461 1468 4464 -

231 4520 239 4548 ‘
262 4527 324 4592 ⁴⁷>
338 4520 516 4582 natussum.
533 4513 636 4570 caua.
653 4517 697 4575 ab
715 4515 797 4580 ma.
810 4503 942 4566 eanuts
967 4502 1005 4559 at.
1022 4504 1148 4559 nnana
1165 4517 1208 4571 sp.
1227 4498 1328 4555 emsa.
1346 4505 1411 4582 pta.
1442 4499 1515 4561 sar.
1532 4498 1624 4552 naa.

60 4653 63 4658 ·
177 4603 183 4611 .
208 4635 257 4688 ler.
275 4629 344 4683 Dor.
363 4619 397 4678 Τ.
409 4630 434 4684 1.
451 4635 479 4687 p.
490 4619 567 4678 Ωδμ,
590 4606 726 4686 Orchopu
743 4613 843 4676 pafla-
860 4627 896 4650 -·
913 4603 1063 4674 Perpetem
1080 4600 1274 4654 illumloeum
1293 4609 1428 4666 oeperunt
1445 4591 1624 4685 Tladmnaam.

1170 4721 1237 4792 *22
