4196 5538
650 1117 920 1200 uisae
972 1126 1054 1199 111.

287 1291 717 1408 ¹onrutonn
767 1235 1021 1416 ronsrs
1075 1247 1399 1385 narona

241 1707 385 1804 Ὀρφώς
409 1719 477 1802 μὲν
498 1708 564 1805 ἵᾶρ
592 1710 726 1796 ’ῑῡλετᾶς
749 1712 778 1788 τ’
793 1714 878 1807 ἡμῖν
899 1718 1079 1801 affidatio,
1109 1711 1221 1806 φόνων
1255 1705 1496 1802 τ’·ἆπέχεσθαι.

158 2108 252 2214 Non
280 2144 350 2211 siue
378 2143 566 2235 ambagibus
596 2147 664 2232 jam
693 2169 732 2212 eo
756 2159 956 2236 perventum
978 2158 1042 2228 est,
1079 2157 1116 2214 ut
1136 2144 1360 2232 gravissimam
1382 2141 1582 2224 eandemque

158 2279 377 2376 difficillimam
402 2284 622 2368 quaestionem
644 2286 775 2370 aggredi
803 2287 905 2356 liceat
956 2287 998 2350 Iu
1027 2285 1153 2350 duobus
1174 2280 1441 2372 praecedentibus
1464 2277 1604 2362 capiti-·

158 2419 218 2484 bus
250 2417 282 2482 id
303 2418 513 2506 potissimum
536 2419 773 2508 spectavimus,
799 2433 853 2500 ut,
888 2443 953 2508 quo
975 2389 1142 2508 tempore,
1176 2419 1286 2485 eeubi
1306 2379 1453 2488 locorum
1477 2415 1582 2502 poesis

159 2553 307 2640 Orphica
329 2565 400 2620 orta
419 2553 477 2632 sit,
512 2553 799 2634 demonstraretur.
853 2556 981 2644 Quibus
1000 2517 1043 2623 'in
1066 2556 1334 2644 disputationibus
1364 2555 1462 2618 multa
1490 2551 1583 2616 uobis

159 2689 367 2756 obstruxerat
394 2701 427 2756 et
454 2703 605 2756 veterum
631 2704 664 2757 et
689 2694 909 2760 recentiorum
938 2707 1127 2782 temporum
1147 2662 1318 2759 temeritas.
1353 2769 1356 2774 Ι
1375 2691 1583 2776 Argumenta

159 2839 270 2892 nostra
295 2849 339 2892 en
366 2825 465 2912 ipsius
488 2829 649 2915 autiquae.
668 2829 820 2899 historiae
848 2831 993 2896 Graecae
1025 2831 1191 2898 subtiliore
1221 2829 1404 2921 cognitione
1429 2839 1462 2892 et
1485 2849 1583 2891 accu—
1612 2788 1622 2808 κ

159 2965 279 3032 ratiore
315 2964 579 3050 interpretatione
606 2966 706 3054 petita
736 2979 828 3033 sunta
862 2991 882 3031 e
903 2967 1104 3050 fabularum,
1141 2967 1256 3054 quibua
1284 2965 1413 3055 Orphei
1442 2983 1583 3053 persona

160 3101 316 3178 abundat,
348 3099 552 3168 deverticulis
580 3122 655 3166 raro
682 3103 799 3189 aliquid
827 3085 1082 3192 exsculpsimua
1125 3107 1239 3190 Quum
1268 3105 1366 3193 igitur
1394 3125 1436 3167 ne
1464 3113 1584 3165 contu·

160 3239 360 3304 macissimua
392 3237 522 3322 quidem
550 3238 694 3325 amplius.
718 3239 867 3306 dubitare
895 3251 1007 3326 queat,
1041 3201 1189 3306 floruisse
1220 3244 1256 3308 in
1283 3243 1416 3326 arrtiqua
1445 3239 1585 3302 Graecia
1612 3206 1619 3238 ι

161 3390 236 3443 ante
264 3387 401 3442 aetatem
429 3373 640 3442 Homericam
669 3377 782 3463 poesin
808 3375 1009 3465 Orphicam3
1046 3379 1112 3468 jam
1148 3377 1239 3444 uobis
1269 3377 1497 3442 declarandum
1524 3385 1582 3454 est,

161 3515 263 3602 quatis
283 3515 336 3582 illa
356 3510 470 3594 fuerit,
490 3523 523 3577 et
547 3512 676 3580 cuinam
696 3513 768 3580 usui
790 3514 954 3580 destinata.
996 3513 1227 3600 Aequanum
1251 3513 1291 3580 ad
1313 3514 1398 3580 itanc
1422 3514 1583 3600 quaestio·

163 3675 238 3720 nem
268 3648 458 3718 solvendam
489 3647 524 3712 in
551 3650 787 3738 superioribus,
821 3623 922 3736 quum
945 3652 1146 3752 singulorum
1175 3663 1453 3739 argumentorum,
1470 3653 1582 3736 gravi-

162 3801 225 3856 tate
251 3809 312 3877 per
339 3810 374 3852 ee
401 3781 583 3866 aestimata,
616 3797 687 3854 tum
713 3787 861 3852 omnium
887 3787 1050 3853 rationum
1075 3786 1221 3873 pondere
1247 3788 1281 3851 in
1309 3809 1411 3852 uuum
1440 3789 1582 3866 collecto,

162 3925 326 4014 prolatum
348 3923 407 4004 sit,
442 3921 478 3988 iu
500 3923 646 3988 animum
675 3899 831 3990 reirocare
851 3933 990 4010 oportet.
1038 3924 1105 3990 Hic
1130 3945 1211 4024 uero
1238 3925 1356 3988 iterum
1384 3924 1476 3989 nobis
1505 3947 1582 3989 cum

164 4045 403 4130 difficultatibus
433 4057 685 4124 conflictandum
714 4071 778 4141 est,
818 4083 896 4146 quas
932 4059 967 4126 iu
1004 4059 1075 4148 ipso
1101 4061 1224 4138 limine„
1251 4061 1368 4145 objecit
1403 4085 1470 4127 nou
1510 4064 1584 4146 qni-

164 4203 238 4268 dem
270 4201 340 4291 ipsa
367 4198 570 4276 Graecorum
600 4195 772 4284 antiquitas
803 4195 901 4279 (haec
935 4197 1024 4262 enim
1061 4200 1151 4265 velut
1184 4219 1251 4262 uuo
1289 4219 1346 4261 ore
1382 4197 1420 4262 ad
1459 4215 1583 4266 sanctas

56 4376 59 4391 ·
164 4341 313 4406 Deorum
345 4335 515 4422 religiones
547 4335 662 4421 poesin
695 4333 885 4421 Orphicam-
912 4333 1095 4398 accessisse'
1111 4338 1281 4416 testatur);
1319 4356 1435 4400 verum
1469 4359 1585 4402 raren-

164 4478 364 4546 tissimorum
392 4467 598 4558 quomudam
625 4461 823 4560 scriptorum
859 4469 1005 4555 audacia²
1037 4493 1118 4556 quae
1154 4471 1346 4553 conjecturis
1376 4476 1441 4538 suis
1479 4475 1588 4540 indid-
1625 4549 1631 4570 .

165 4638 256 4705 gere,
289 4633 386 4700 quam
412 4608 508 4676 totius
539 4608 734 4694 antiquitatis
767 4609 841 4674 voci
867 4609 1063 4687 auscultare,
1097 4606 1218 4672 maluit.
