4196 5538
1098 495 1101 500 ’
1182 503 1259 575 130

1081 611 1367 636 -ῌ

508 777 542 822 se
562 752 763 840 receperint,
799 749 908 835 ibique
934 749 970 814 in
996 757 1108 822 sancto
1137 767 1267 812 recessu
1293 745 1432 834 posthac
1463 729 1635 818 cominissa
1658 751 1750 838 trinta
1779 753 1947 838 quodnam
1980 823 1993 832 ,
2055 777 2059 785 ’

514 890 671 980 temporis
706 898 912 952 momentum
947 885 1024 950 huic
1057 883 1105 948 rei
1134 881 1408 958 accommodatius
1445 907 1515 950 esse
1544 897 1671 973 potest,
1709 910 1808 974 quam
1837 893 1947 978 ipsum

515 1027 592 1094 illud
622 1025 844 1092 efflorescente
871 1023 1002 1088 heroica
1033 1033 1136 1086 aetate
1165 1019 1392 1109 suppressum
1411 1005 1624 1110 Pelasgorum
1655 1024 1857 1113 imfflrium?
1900 1029 1947 1092 At

516 1187 587 1230 nou
614 1183 682 1227 uno
711 1161 888 1249 eodemque
910 1173 1060 1248 ternpore
1087 1177 1206 1244 magna
1235 1157 1287 1222 illa
1317 1157 1406 1223 natio
1431 1157 1581 1226 vietaet
1599 1159 1733 1226 subacta
1754 1169 1813 1227 est.
1868 1161 1945 1228 Plu-

517 1323 571 1368 res
601 1299 702 1366 libere
730 1298 842 1386 agendi
871 1307 1065 1384 potestatem
1086 1294 1294 1360 retinuerunt
1313 1315 1416 1380 usque
1437 1295 1478 1359 ed
1498 1295 1709 1362 Doriensium
1729 1298 1946 1384 migrationes,

519 1449 571 1522 et,
589 1457 671 1522 quas
690 1459 742 1500 res
763 1437 859 1522 paulo
879 1447 955 1499 ante
976 1431 1107 1512 accidit,
1130 1430 1169 1494 ad
1193 1427 1342 1510 Thebas,
1371 1429 1611 1518 Pelasgioorum
1633 1401 1801 1501 sacrorum
1823 1459 1945 1502 caecant

521 1572 647 1654 sedem,
679 1595 697 1638 a
725 1573 853 1640 Boeotis
873 1570 996 1636 Aeoliis
1019 1587 1079 1634 suo
1110 1567 1248 1655 irnperio
1276 1565 1437 1652 subjectas
1460 1567 1526 1652 ⁵⁸).
1567 1567 1680 1656 Quid?
1713 1571 1799 1658 quod
1823 1573 1946 1640 nullum

473 1732 476 1738 ¹
520 1709 756 1796 mysteriorum
777 1706 961 1772 institutum
983 1704 1032 1771 hia
1053 1703 1256 1793 temporibus
1277 1715 1386 1791 potest
1415 1704 1578 1792 posterius
1603 1729 1687 1788 esse,
1720 1709 1794 1794 qnia
1815 1709 1946 1796 posthac

522 1847 604 1914 nihil
631 1846 770 1934 amplius
797 1843 996 1930 reperimus,
1037 1841 1124 1928 quod
1152 1840 1270 1927 origini
1300 1861 1414 1906 eorum
1447 1863 1558 1906 ansam
1588 1843 1784 1930 praebuerit.
1840 1845 1946 1932 Quid?

523 1983 610 2072 quod
633 1985 740 2050 nullus
763 2003 896 2062 eorum,
934 1980 989 2066 qui
1011 1979 1051 2043 de
1080 1975 1337 2042 constantissima
1367 1975 1573 2044 Graecorum
1603 1977 1687 2046 sama
1714 1983 1947 2070 mysterionrm

524 2132 672 2186 auctores
692 2119 792 2207 vulgo
811 2117 1004 2196 traduntur,
1025 2113 1197 2200 Orpheus,
1218 2113 1390 2196 Musaeus,
1415 2115 1615 2203 Eumolpus,
1646 2117 1753 2184 omnis
1775 2119 1949 2206 antiquita.

525 2259 567 2324 tis
590 2219 751 2322 consensu
772 2254 873 2320 serius
895 2251 991 2329 vixit.
1037 2251 1161 2316 Nonne
1181 2248 1244 2314 hoc
1263 2250 1407 2316 maxime
1429 2251 1640 2318 memorabile
1662 2251 1734 2318 est?
1778 2254 1949 2342 Quomodo

435 2381 436 2386 ἵ
528 2391 706 2474 autemid,
740 2389 826 2478 quod
849 2390 977 2476 integro
1002 2385 1124 2454 saitem·
1141 2386 1249 2452 seculo
1274 2387 1429 2454 Homero
1454 2390 1603 2476 superius
1623 2401 1690 2469 est,
1728 2403 1760 2474 et
1782 2413 1843 2476 per
1859 2393 1951 2456 ,inte-

420 2567 423 2574 ,
527 2552 626 2618 grum
648 2529 793 2595 seculum
814 2529 881 2616 jam
901 2524 1032 2608 floruit,
1053 2523 1240 2592 Homerica
1262 2536 1363 2592 aetate
1380 2527 1443 2592 vis
1465 2540 1592 2609 ortum,
1625 2537 1661 2592 ut
1682 2529 1779 2614 vulgo
1796 2525 1859 2630 tit,
1893 2551 1953 2592 vo·

527 2668 597 2736 cari
622 2667 751 2758 potent

1086 2947 1089 2952 ψ
1132 2829 1384 2921 xxviii·
1442 2803 1443 2810 i
1554 2755 1557 2760 ¹

614 3005 767 3092 Longam
799 3013 831 3066 et
861 3019 1032 3088 operosam
1060 2975 1268 3064 Aeolicsrum
1297 2997 1498 3066 coloniarum
1526 2998 1726 3068 molitionem
1753 2977 1894 3067 multum
1917 2999 1979 3088 ad·

533 3141 692 3230 genuinae
713 3137 881 3228 Orphicae
902 3136 1007 3226 poesis
1030 3135 1199 3202 interitum
1223 3137 1414 3222 contulisse,
1434 3139 1502 3225 jam
1522 3160 1621 3225 supra
1641 3160 1658 3204 a
1679 3135 1772 3201 nobis
1794 3139 1954 3206 monitum

534 3291 593 3344 est.
635 3251 751 3344 'Fuere
772 3275 835 3360 jam
858 3277 943 3341 inter
966 3285 1112 3352 veteres,
1145 3274 1199 3360 qui
1222 3275 1348 3342 illarum
1368 3275 1536 3342 historiam
1560 3273 1662 3342 fusius
1684 3289 1890 3358 enarrarent,
1922 3289 1957 3341 ut

533 3413 737 3495 Hellanicus,
757 3403 940 3499 Ephorus,
982 3421 1015 3474 et
1048 3409 1135 3474 haud
1167 3409 1263 3476 dubie
1289 3411 1388 3478 eliam
1417 3411 1675 3500 Tlteopompus;
1719 3423 1750 3475 et
1778 3412 1956 3478 anticlides

469 3612 471 3618 .
535 3537 752 3618 Atheniensis
769 3547 839 3635 ⁵³);
871 3543 965 3614 nobis
987 3543 1099 3610 eadem
1121 3567 1139 3610 e
1159 3545 1328 3615 Strabonis
1347 3545 1554 3637 potissimum
1576 3567 1696 3637 parum
1713 3561 1860 3616 accurata
1882 3573 1958 3616 nar·-

538 3721 974 3743 W

610 3827 657 3900 ⁸²)
675 3829 863 3887 Samothracia
891 3833 1022 3896 mysteria
1046 3848 1082 3885 ex
1110 3832 1248 3888 Herodoti
1272 3830 1426 3886 rationibus
1453 3831 1634 3886 Doriensium
1658 3835 1813 3900 irruptione
1830 3837 1860 3886 iu
1879 3800 1959 3884 Pelo·

472 3930 474 3936 “
499 3935 505 3960 l
535 3944 692 3998 putruerunt
708 3931 866 3996 antiquiora
888 3943 946 3980 non
964 3943 1039 3994 etas,
1072 3928 1289 4002 demonstratum
1314 3948 1403 3999 nuper
1427 3935 1478 3984 ivit
1496 3925 1532 3984 0.
1549 3929 1678 3984 Mueller.
1696 3929 1830 3992 Orchoru.
1855 3937 1961 3996 pato„

536 4033 663 4096 quamvis
688 4027 748 4094 ejus
773 4027 895 4078 rationu
920 4041 978 4079 nou
1003 4023 1038 4080 ab
1065 4033 1144 4082 omui
1168 4041 1246 4097 parte
1272 4027 1393 4084 firmatas
1418 4027 1541 4082 habeam.
1578 4026 1631 4080 Sed
1651 4025 1756 4078 luerint
1775 4038 1832 4079 turn
1851 4027 1961 4079 detumu

536 4127 566 4179 tn
591 4121 780 4180 Samothracia
805 4135 883 4186 ortat
912 4121 961 4193 p'er
984 4143 1030 4180 me
1054 4127 1136 4182 lieet:
1166 4145 1233 4182 num
1257 4135 1288 4183 in
1315 4134 1375 4197 ipsa
1399 4125 1517 4182 Graecia
1535 4122 1629 4176 eadem
1647 4131 1704 4174 tam
1723 4139 1786 4176 sero
1805 4133 1865 4176 orta
1885 4135 1963 4190 pute-

537 4223 620 4275 rnusl
654 4221 754 4276 Nonne
771 4237 858 4290 aeque
877 4193 1033 4280 luchleuter
1050 4244 1066 4281 e
1083 4227 1220 4282 Pausania
1239 4226 1279 4292 (9,
1297 4233 1341 4292 25,
1358 4225 1399 4291 6.)
1417 4231 1539 4291 apparot,
1558 4219 1738 4288 Pelasgorum
1758 4229 1889 4288 mysteria
1909 4235 1963 4274 sta·
2031 4249 2036 4259 =

536 4323 587 4372 tim
605 4331 670 4386 post
686 4317 797 4372 Thebas
812 4317 847 4373 ab
861 4321 999 4391 Epigonis
1019 4323 1124 4379 dirutas
1140 4325 1222 4395 (crgo
1239 4325 1293 4392 iam
1312 4335 1375 4378 aute
1393 4321 1499 4374 bellum
1516 4313 1682 4385 Troianum)
1707 4323 1737 4371 ia
1765 4325 1824 4386 ipsa
1850 4317 1963 4374 Boeotia

536 4415 648 4469 condita
676 4417 756 4470 estc?
1430 4413 1434 4418 ¹

548 4550 552 4559 ·
608 4507 656 4580 ⁵³)
673 4513 834 4570 Hellanicus
859 4521 882 4568 n
904 4523 987 4586 κρύη
1013 4525 1131 4574 atratum.
1164 4517 1262 4570 Taetr-
1288 4513 1384 4566 Schol·
1402 4511 1437 4566 ad
1460 4509 1600 4578 tyconiu-
1629 4511 1663 4566 T.
1672 4519 1700 4572 2·
1724 4527 1752 4579 p·
1760 4519 1838 4574 1018.
1874 4489 1967 4566 Stude.

536 4608 612 4666 Heli·
627 4609 673 4666 Fr·
688 4615 783 4682 MS,
809 4613 942 4686 Ephorus
960 4615 1077 4683 libroa.
1105 4616 1302 4680 historiarum,
1326 4610 1382 4668 tid·
1399 4611 1489 4668 Melas
1506 4611 1596 4666 Marx·
1611 4611 1655 4667 Fr.
1677 4611 1763 4678 utar
1783 4621 1823 4677 tq·
1868 4609 1965 4664 Theo·
