4156 5586
814 507 883 582 «4⁵

143 755 220 828 inda
240 754 327 826 haud
347 755 444 824 dubie
466 757 705 847 oompositurus
726 752 899 844 aliquando
921 739 1213 852 intrqduotiolrem,
1244 757 1346 845 quam
1369 767 1475 824 novae
1496 759 1572 822 aar*

141 899 273 966 minum
299 893 527 986 Orphioorum
551 893 685 962 editioni
713 891 948 1006 praemittpret.
1000 892 1121 962 Fatum
1147 913 1231 962 vero
1252 892 1349 968 nobis
1370 893 1488 964 invidit
1505 893 1570 961 hoo

140 1033 343 1114 subsidium
374 1031 461 1120 quod
489 1031 601 1120 quami
628 1029 791 1097 momenti
817 1029 913 1098 nobis
932 1029 1083 1102 fututum
1104 1029 1248 1116 fuisset,
1270 1030 1362 1104 facile
1379 1031 1570 1124 intelligent,

139 1175 198 1262 qui
218 1171 390 1262 perspicax
410 1169 497 1238 illius·
514 1167 585 1238 viri
596 1167 763 1276 ingenium
782 1167 948 1238 noverint.

224 1341 465 1432 Elegantiorem
492 1350 526 1406 et
552 1334 754 1406 subtiliorem
783 1325 929 1424 ajustlem
962 1339 1156 1427 quaestionis
1183 1305 1431 1430 explicationem
1462 1323 1564 1407 aFr.

138 1479 229 1570 Aug.
249 1475 372 1546 Wolfii
392 1461 541 1546 solonius
566 1473 758 1567 propediem
785 1485 994 1566 expectamus
1001 1501 1013 1560 3
1050 1477 1106 1568 qui
1131 1477 1185 1546 vir
1215 1477 1329 1545 doctus
1354 1478 1391 1544 iu
1418 1477 1563 1546 Graecae

138 1615 247 1708 poesia
267 1614 446 1706 primordia
467 1637 503 1682 se
530 1611 701 1701 aliquando
724 1613 955 1703 inquisiturum
975 1617 1102 1705 saepius
1124 1611 1318 1706 significavit
1338 1617 1403 1704 ⁶¹).
1452 1615 1568 1686 Habe·
1667 1659 1674 1671 ·

139 1769 192 1822 ret
209 1751 358 1844 prolecto
379 1754 461 1821 alma
480 1751 675 1842 Philologia,
708 1750 795 1840 quod
816 1752 956 1840 lugeret,
990 1753 1019 1836 si
1035 1765 1160 1820 tantam
1182 1774 1277 1844 spem
1297 1753 1359 1822 sibi
1377 1757 1568 1844 praecisam,

139 1905 232 1962 tauto
251 1893 471 1960 emolumento
492 1889 730 1980 semiustam,
763 1875 937 1980 omniaque
964 1853 1001 1958 in
1028 1889 1129 1958 herba
1157 1892 1292 1980 petiisse
1318 1891 1455 1961 videret.
1515 1893 1565 1960 At

141 2030 289 2100 nondum
309 2027 416 2096 omnis
442 2025 543 2098 dulcis
563 2025 789 2120 nobiserepta
809 2041 860 2097 est
881 2046 975 2116 apest
1007 2040 1041 2096 et
1059 2028 1184 2098 utinam
1205 2029 1260 2097 diu
1280 2032 1428 2098 maneat!

799 2293 802 2300 ·
907 2297 914 2308 ›
960 2282 986 2330 ,s

785 2339 922 2430 XIII.
1314 2358 1338 2406 ⁰

222 2505 309 2572 Rem
333 2501 432 2592 igitur
453 2502 619 2574 tractattui
640 2524 770 2587 summ,
803 2506 840 2572 in
867 2524 931 2593 qua
949 2503 1018 2590 jam
1039 2503 1135 2572 multi
1155 2523 1258 2592 quum
1279 2502 1470 2591 antiquioris
1491 2515 1563 2572 tum

139 2641 328 2742 recentioris
358 2641 431 2710 aevi
450 2642 553 2710 'vario
585 2654 618 2709 ot
647 2639 867 2712 diversissimo
896 2640 1029 2710 oonsilio
1065 2653 1166 2728 atque
1189 2640 1311 2710 erantu
1340 2641 1561 2742 elaboraturus

140 2767 282 2870 qnorum
301 2777 409 2860 studio
430 2791 464 2848 at
485 2778 648 2870 diligentia
673 2779 806 2866 jamjam
832 2801 886 2848 res
913 2801 953 2846 eo
973 2775 1111 2846 adducta
1130 2799 1201 2846 esse
1220 2777 1367 2863 videtur,
1397 2789 1436 2846 ut
1461 2799 1562 2868 arqu-

140 2919 260 2986 mentis
289 2919 345 2986 vel
372 2915 545 3010 perlectis,
571 2918 632 2984 -vel
647 2915 786 3006 denique
813 2917 889 2986 veri
909 2917 1055 3009 speciem
1074 2935 1154 3008 prae
1172 2939 1208 2983 se
1229 2913 1408 2986 serentibus
1427 2913 1561 3004 probari

138 3054 258 3146 possit,
290 3053 406 3141 poesin
435 3050 634 3140 Orptucam,
665 3011 802 3144 sataque
828 3053 869 3122 ad
889 3053 1049 3146 mysteria
1067 3051 1292 3137 accedentem,
1327 3065 1402 3122 ante
1423 3065 1561 3122 aetatem

138 3189 353 3290 Homerioam
373 3191 409 3256 iu
429 3172 569 3257 Graecia
583 3187 750 3264 floruisse.
799 3193 917 3282 Neque
936 3193 1022 3264 hano
1041 3215 1136 3286 spem
1156 3191 1251 3260 nobis
1270 3192 1367 3281 eripit
1384 3147 1561 3280 longinqua

139 3327 267 3419 Orphei
294 3327 379 3396 vaus
406 3339 561 3396 seusun.
608 3329 697 3396 Nam
717 3327 811 3414 fana,
841 3297 948 3419 inquit
964 3331 1021 3402 rr.
1040 3333 1130 3422 Aug.
1154 3327 1304 3400 wolfius
1321 3327 1397 3414 ο3),
1429 3341 1478 3396 est
1500 3351 1558 3396 eo·
1687 3361 1693 3368 -

137 3485 215 3534 rum
241 3467 372 3556 opinio,
406 3466 463 3554 qui
483 3465 550 3534 sola
576 3467 810 3557 longinquitate
830 3469 987 3560 temporis
1006 3469 1178 3540 universae
1199 3459 1351 3538 historiae
1377 3464 1477 3534 tidem
1504 3469 1559 3534 in·
1674 3521 1677 3535 .

141 3603 256 3692 iringi,
281 3615 332 3688 et,
363 3614 401 3669 ut
428 3601 570 3690 quidque
589 3605 767 3676 novissime
787 3617 917 3696 gastum
937 3608 980 3676 tit
1000 3619 1057 3675 aut
1075 3607 1254 3695 scriptum,
1283 3607 1329 3674 ita
1348 3605 1557 3672 unissimus
1698 3677 1704 3688 ,

139 3741 344 3828 maximeque
365 3738 546 3828 genuinum
568 3739 756 3810 habendum
776 3755 903 3833 putant.
931 3775 976 3798 -
1018 3741 1168 3833 Tempus
1196 3761 1235 3809 as
1262 3739 1329 3808 dies
1350 3742 1475 3830 optime
1497 3740 1559 3806 de·

139 3877 232 3946 docet
256 3873 402 3947 smduloa
431 3875 472 3944 de
498 3878 537 3946 iis
563 3877 659 3968 ipsis,
687 3899 770 3968 quae
789 3879 1031 3973 propemodum
1050 3881 1117 3950 suis
1138 3879 1239 3950 souis
1261 3879 1331 3970 geri
1350 3877 1515 3948 viderunt.

222 4061 455 4152 Quaestionem
472 4061 561 4132 illem
581 4083 646 4151 quo
666 4063 781 4134 ordine
800 4067 935 4154 exsequi
954 4065 1048 4135 nobis
1069 4070 1275 4159 propositum
1294 4065 1353 4151 ait,
1372 4064 1427 4134 hie
1445 4062 1556 4133 statim
1581 4033 1600 4054 κ

137 4199 346 4271 indicmdnn
376 4198 517 4270 videtur.
572 4200 697 4271 Tmltua
728 4200 919 4312 absolvetur
940 4203 1108 4296 capitibus.
1163 4204 1314 4304 Primum
1351 4227 1372 4272 e
1403 4215 1556 4272 veterum

208 4516 262 4591 ⁰')
277 4517 370 4577 unu.
384 4519 422 4579 11.
447 4521 483 4578 ad
508 4509 598 4581 ‘stom
619 4537 649 4594 p.
662 4537 691 4578 x.
713 4517 805 4578 essse
823 4521 872 4580 111.
897 4537 927 4592 p·
940 4533 1048 4580 mxv.
1130 4497 1135 4508 ’

209 4639 255 4710 ⁶³)
271 4642 403 4720 motsgg.
424 4644 460 4704 ad
482 4645 568 4704 Hem·
591 4661 724 4718 μω.

20 4799 22 4872 Ι
51 4761 64 4788 ,
