4196 5538
1180 481 1255 564 136

1077 601 1361 632 Μ

590 740 704 826 Quum
731 761 773 804 ex
804 738 841 806 iis
865 733 1080 813 carminibus,
1112 753 1196 818 quae
1222 730 1349 798 Graeca
1380 734 1551 821 antiquitas
1582 735 1675 802 nobis
1710 735 1770 801 sab
1794 735 1935 826 'Orphei

499 878 640 950 ,nornine
666 878 861 955 transmisit,
895 874 1030 938 omnino
1057 891 1126 936 nou
1154 869 1257 956 possit
1283 871 1405 958 colligi,
1439 893 1598 957 quaenam
1627 895 1705 938 uera
1738 886 1777 937 et·
1796 875 1935 961 genuina

508 1012 674 1099 Orphicae
697 995 818 1098 poesis,
852 1010 979 1096 qualem
1002 1018 1078 1072 anta
1099 1001 1238 1072 aetatem
1259 1007 1473 1073 Homericam
1494 1010 1578 1075 circa
1601 1011 1788 1097 Olympum
1809 1023 1842 1076 et
1860 1013 1935 1076 ‘He-

505 1131 646 1216 liconem
677 1147 825 1214 lloruisse
853 1156 998 1233 oportet,
1030 1153 1145 1224 natura
1175 1155 1219 1208 et*
1234 1144 1356 1214 indoles
1390 1143 1510 1223 suen't3
1551 1145 1643 1213 sacilc
1672 1159 1825 1235 apparet,
1860 1149 1936 1234 quid

511 1285 706 1354 dillicrdtatis
727 1285 869 1372 adeoque
890 1281 1055 1350 molestiae
1076 1278 1335 1380 exhauriendum
1356 1281 1398 1346 sit
1421 1282 1467 1362 ei,
1488 1285 1543 1369 qui
1566 1283 1650 1350 hanc
1669 1307 1740 1350 rem
1764 1259 1938 1372 exponen-

511 1425 586 1490 dam
618 1423 678 1491 sibi
706 1423 890 1510 sumpserit.
947 1421 1031 1497 Sunt
1059 1439 1140 1484 vero
1170 1409 1263 1482 inter
1279 1417 1504 1506 Orplricorum
1529 1423 1711 1487 carminum
1733 1421 1939 1509 lanuginem,

512 1585 593 1646 quae
619 1573 652 1626 et
677 1561 716 1626 ad
738 1562 901 1649 lyricum,
932 1569 965 1623 et
987 1556 1028 1620 ad
1049 1529 1260 1636 didacticum,
1276 1519 1326 1618 ‘et
1348 1556 1386 1620 ad
1410 1559 1539 1644 epicum
1569 1582 1672 1646 genus
1694 1561 1880 1662 pertineant
1898 1559 1941 1647 ¹).

510 1700 634 1785 Lyrica
668 1711 701 1764 et
727 1694 881 1765 didactica
910 1696 1054 1776 carmina
1082 1692 1122 1758 ab
1150 1694 1222 1781 ipso
1253 1691 1392 1780 Orpheo
1424 1708 1550 1762 cantata
1580 1718 1665 1779 esse,
1700 1715 1802 1785 quum
1825 1720 1885 1786 per
1905 1721 1942 1764 sc

510 1837 676 1926 probabile
708 1847 774 1917 est,
812 1847 884 1900 turn
914 1831 1110 1918 antiquitatis
1146 1811 1321 1894 consensus
1359 1829 1462 1897 docet.
1518 1835 1582 1898 Per
1614 1857 1648 1898 se
1681 1834 1847 1922 probabile
1883 1849 1941 1916 est,

511 1975 665 2058 qnoniam
685 1975 789 2038 nostri
811 1971 931 2059 ihgcnii
953 1969 1076 2036 indoles
1096 1967 1252 2048 declarat,
1284 1967 1472 2051 hominem,
1501 1970 1694 2057 simulatque
1715 1971 1755 2038 ad
1780 1973 1942 2040 culturam

513 2113 611 2176 animi
644 2109 804 2197 prolicere
840 2107 1001 2195 coeperit,
1042 2119 1075 2172 et
1109 2107 1205 2192 longe
1237 2127 1272 2168 se
1302 2125 1401 2192 supra
1438 2093 1621 2174 animalem*
1637 2099 1793 2176 ¹natrnntn
1822 2115 1942 2178 elatum

514 2249 796 2326 arrirnsdvenerit,
837 2265 911 2310 suos
943 2245 1042 2332 ipsius
1074 2245 1175 2312 animi
1204 2267 1316 2311 seusus
1346 2243 1456 2310 verbis
1484 2247 1673 2332 exprimere
1705 2260 1737 2312 et
1772 2270 1850 2312 cum
1876 2248 1942 2331 aliis
1972 2243 1983 2250 ’

516 2385 757 2452 communicare
785 2382 936 2470 gaudere.
993 2385 1105 2471 Quum
1136 2405 1218 2450 vero
1248 2383 1358 2468 aliquis
1383 2405 1458 2464 suos
1485 2383 1585 2471 ipsius
1615 2383 1716 2450 animi
1742 2407 1856 2450 sensus
1875 2385 1943 2450 elo-

515 2525 643 2610 quitm·,
681 2544 749 2584 nou
780 2531 829 2584 est
858 2519 1053 2602 obscurum,
1090 2521 1298 2608 eumlyrice
1326 2522 1424 2607 loqui.
1482 2521 1592 2608 Quam
1620 2519 1712 2587 facile
1734 2519 1816 2586 vero
1837 2523 1943 2610 poesis

515 2661 619 2747 lyrica
640 2661 674 2724 in
696 2657 901 2738 didacticum,
936 2660 1056 2746 quippe
1079 2679 1161 2744 quae
1183 2659 1253 2745 ipsa
1273 2656 1468 2742 subjectiva,
1500 2669 1537 2724 ut
1563 2657 1624 2723 hac
1652 2680 1734 2722 voce
1759 2671 1850 2739 utar,
1889 2670 1946 2740 est,

517 2798 656 2862 transire
670 2797 795 2876 soleat,
829 2795 1029 2882 quinimmo
1059 2795 1184 2882 saepius
1203 2817 1280 2860 cum
1303 2817 1340 2860 ea
1365 2796 1536 2876 coalescat,
1570 2797 1629 2863 vix
1658 2803 1727 2877 cst,
1759 2797 1844 2882 quod
1866 2819 1945 2860 mo·-

517 2903 622 3000 neam.
676 2933 849 3019 Despicis
873 2945 987 3034 autern!
1000 2931 1213 3012 carminibus,
1246 2953 1328 3017 quae
1350 2929 1479 3019 Orphei
1499 2953 1621 2998 nomen
1650 2953 1729 3020 prae
1758 2955 1793 2998 ee
1824 2927 1945 3014 serunt,

478 3049 482 3058 .
517 3076 586 3156 jam
608 3093 706 3157 supra
724 3067 890 3155 professus
915 3089 1005 3151 sum,
1038 3091 1075 3134 ea
1097 3070 1259 3138 seriorum
1281 3081 1472 3156 temporum
1492 3069 1665 3134 temeritati
1688 3069 1816 3137 deberi:
1851 3085 1945 3159 atque

517 3211 552 3275 in
574 3207 635 3274 hac
656 3205 813 3274 sententia
833 3208 987 3296 persisto,
1017 3205 1238 3292 antiquiorum
1255 3221 1427 3274 auctorum
1445 3205 1638 3274 testimoniis
1657 3203 1770 3273 fretus.

603 3482 725 3568 Ibycus
755 3479 939 3568 Rheginos,
972 3491 1069 3568 poeta
1090 3479 1232 3566 lyricus,
1268 3484 1322 3568 qui
1353 3483 1408 3547 diu
1437 3493 1511 3548 ante
1539 3481 1810 3562 Onomacritum,
1842 3505 1944 3572 aquo

517 3641 631 3684 rerum
660 3617 883 3712 Orphicarum
912 3639 1022 3684 osores
1055 3638 1188 3682 omnem
1216 3620 1333 3705 poesin
1362 3620 1544 3706 Orphicam
1574 3618 1754 3707 prolectam
1783 3643 1852 3684 esse
1882 3643 1945 3685 vo·

518 3761 606 3838 lunt,
626 3757 728 3834 uixit,
756 3755 932 3846 Orpheum
953 3755 1240 3823 celebratissimum
1263 3770 1394 3844 poetam
1419 3769 1531 3838 vocata
1562 3757 1766 3844 eundemque
1786 3759 1945 3824 Pindarus

516 3893 774 3958 laudatissimum
794 3893 917 3981 lyricae
936 3895 1043 3982 poesis
1063 3901 1193 3982 patrem
1217 3887 1423 3984 (φορμικτᾶν
1443 3889 1564 3964 ἀοιδᾶν
1585 3895 1735 3983 πατέρα,
1766 3889 1946 3982 εὐαΐνητον

1800 4026 1944 4124 Ὀρφέα)

589 4271 619 4342 ¹)
636 4275 743 4329 Mirum
761 4293 843 4346 sana,
871 4285 902 4337 ui
920 4275 1082 4349 Orpheum,
1111 4285 1215 4352 quippe
1233 4300 1317 4354 quarn
1334 4289 1364 4340 tn
1383 4287 1436 4340 alta
1454 4287 1548 4338 omnia
1565 4281 1759 4364 distraxerint,
1785 4284 1820 4338 ad
1838 4284 1945 4342 drama-

515 4380 597 4428 ticaru
629 4379 714 4428 etiam
739 4381 838 4444 poesin
862 4380 1040 4446 corrjeccrint.
1091 4377 1128 4431 At
1160 4397 1243 4448 cave,
1278 4399 1314 4435 ue
1338 4384 1393 4436 hoc
1417 4395 1584 4451 extorqueas
1611 4397 1626 4434 e
1649 4381 1802 4450 Nicephori
1828 4381 1946 4452 Gragor.

512 4469 579 4524 hist.
599 4471 668 4540 Byz.
686 4479 729 4532 10,
746 4489 776 4542 p.
784 4479 845 4535 289.
863 4473 907 4526 ed·
927 4473 1044 4529 Bolvin:
1074 4477 1124 4525 lira
1142 4484 1180 4538 μή
1199 4481 1240 4533 als
1258 4471 1350 4546 σ’ςοίυς
1368 4483 1541 4547 {cogruitate
1558 4483 1658 4542 liversis.
1694 4479 1768 4551 Lege
1795 4489 1886 4534 toturn
1903 4481 1946 4535 lo·

511 4583 592 4634 curn,
620 4580 648 4620 ct
678 4567 798 4638 ridebis,
828 4574 972 4642 quomodo
995 4573 1065 4628 hacc
1092 4573 1272 4646 intelligenda
1296 4583 1360 4633 alm.
