4196 5538
855 505 927 578 131

751 611 1141 653 -—1=·—v-—··-*='¹

48 737 66 765 ’
171 755 303 820 ratione·
318 763 393 818 nota
415 762 471 816 est.
511 751 657 818 Primam
679 752 857 833 coloniam,
873 713 1046 816 'Phaedro
1067 763 1101 818 ct
1120 749 1240 820 Oreste
1252 748 1413 828 ducibus,
1445 739 1599 830 Amyclis

119 949 128 960 .
169 889 352 976 prolectam
373 911 459 968 esse,
491 889 683 954 stimulam
704 888 878 956 Tenedum
899 910 1091 976 occupasse,
1123 869 1282 958 Pindarus
1304 887 1403 955 tredit
1419 883 1484 968 ⁵⁴).
1532 877 1595 946 Sed
1642 981 1647 986 ι
1696 944 1700 952 ,

165 1049 203 1090 ea
236 1026 372 1092 omnino
410 1022 557 1110 mydrica
586 1035 651 1104 est,
688 1035 723 1088 ec
753 1025 822 1109 jam
849 1024 1054 1094 Graecorum
1083 1029 1233 1096 acumina
1259 1043 1462 1114 ¹magnopere
1492 1015 1597 1082 torsit.

165 1163 215 1228 Ut
245 1163 335 1228 enim
364 1161 427 1226 rite
449 1181 500 1224 res
532 1159 739 1248 procederet,
774 1161 944 1244 Orestem,
976 1163 1180 1252 decrepitum
1201 1187 1316 1232 senem
1338 1155 1595 1254 (octogenarium

92 1279 96 1288 ⁵
167 1300 256 1364 enim
286 1297 384 1364 luisse
406 1301 568 1384 oportet),
604 1297 639 1364 in
662 1297 802 1364 Arcadia
831 1303 975 1366 animem
995 1299 1121 1368 efflasse
1148 1303 1187 1368 de
1209 1303 1311 1370 nihilo
1343 1297 1530 1375 finxerunt,
1568 1297 1602 1358 ei
1615 1271 1618 1278 ¹

165 1432 242 1502 lrin'c
270 1435 468 1504 Pisandrum
496 1436 627 1500 colonos
657 1437 693 1501 in
716 1435 890 1502 Tenedum
913 1439 1095 1506 deduxisse
1114 1440 1176 1526 ⁵⁵).
1228 1439 1278 1505 At
1299 1458 1376 1514 cum
1397 1455 1458 1523 per
1481 1455 1517 1499 se
1537 1451 1598 1519 pa·

165 1593 242 1638 rum
259 1573 427 1660 probabile
448 1583 514 1652 est,
535 1571 688 1639 Orestem
710 1585 869 1663 es-aetate
889 1597 1012 1642 novam
1035 1575 1279 1664 expeditionem
1302 1547 1496 1661 suscepisse,
1519 1581 1600 1646 tum,

166 1733 231 1796 quo
259 1723 408 1799 tempore
437 1709 614 1776 Dorienses
642 1697 905 1798 Peloponnesum
930 1735 1135 1804 expugnasse
1164 1724 1341 1780 narrantur
1366 1712 1419 1793 (et
1443 1708 1523 1776 hsec
1546 1727 1598 1772 res

166 1849 317 1916 omnium
344 1847 543 1916 coloniarum
571 1847 781 1914 Aeolicarum
810 1871 905 1916 causa
935 1850 1030 1934 suit),
1069 1851 1204 1918 Orestes
1233 1847 1425 1936 jamdudum
1447 1857 1597 1912 mortuus

165 1998 251 2066 erat,
288 1999 321 2052 et
339 1985 549 2065 Thammes,
583 1983 666 2052 lilius
686 1987 775 2072 ejus,
807 1987 1019 2055 Achaeorum
1037 1987 1215 2076 imperium
1234 1985 1375 2052 tenebst.
1428 1983 1518 2072 Ergo
1539 1982 1595 2048 vi-

163 2122 308 2190 deudum
337 2135 482 2224 estune
512 2123 647 2188 Orestes
671 2144 734 2211 pro
760 2126 898 2210 posten's
928 2128 993 2194 suis
1023 2125 1064 2190 sit
1084 2125 1226 2213 positus.
1281 2123 1400 2191 Similis
1421 2139 1516 2187 error
1538 2139 1593 2186 se-

157 2261 304 2342 cundae,
336 2281 435 2346 quam
455 2275 593 2342 vocant,
624 2262 767 2342 coloniae
787 2262 1009 2330 narrationem
1031 2263 1185 2351 implicat.
1236 2262 1330 2328 Haec
1352 2261 1440 2326 enim
1464 2281 1482 2326 e
1503 2257 1594 2326 Stra-

161 2396 257 2462 bonis
279 2395 422 2462 confusis
444 2396 641 2496 rationibus,
672 2396 835 2482 a'quibus
858 2401 1055 2466 recentiores
1079 2399 1228 2474 nondum
1245 2409 1466 2477 recesserunt,
1496 2416 1593 2460 sexa-

159 2534 249 2620 ginta
283 2545 359 2627 post
384 2533 523 2618 Trojam
555 2544 684 2620 captam
716 2532 809 2598 annis
842 2555 860 2598 e
890 2535 1116 2623 Peloponneso
1145 2537 1294 2623 profecta
1325 2547 1398 2614 est,
1438 2529 1592 2600 Penthile

159 2671 241 2744 duce
246 2695 257 2751 3
290 2669 406 2756 viginti
424 2669 524 2757 igitur
546 2671 639 2736 anuis
660 2682 735 2739 ante
757 2670 1006 2738 Heraclidarum
1027 2666 1180 2738 reditum.
1228 2673 1293 2740 Sed
1315 2691 1384 2738 non
1402 2680 1453 2734 est
1469 2667 1590 2732 obscu-

158 2831 251 2890 rum,
275 2831 333 2877 cur
353 2773 416 2874 hdc
436 2783 643 2898 potissimum
667 2820 818 2897 tempore
838 2810 981 2899 patriem'
999 2810 1165 2900 reliquisse
1183 2809 1319 2880 dicatur.
1360 2805 1495 2877 Etenim
1514 2817 1589 2872 tum

156 3137 291 3191 porupum
316 3138 383 3176 vere
407 3123 441 3175 de
460 3126 557 3180 eodem
582 3139 745 3196 argumento
763 3131 942 3198 exposuisse,
967 3127 1033 3184 inde
1050 3139 1143 3198 potest
1161 3131 1278 3202 colligi,
1300 3128 1379 3202 quod
1398 3131 1423 3182 is
1442 3125 1590 3180 hieronimi

156 3223 290 3278 Graecam
307 3227 466 3290 auspicatus
485 3233 527 3274 est
544 3221 578 3274 ab
596 3223 806 3278 lleraclidsrum
826 3225 927 3279 reditu.
954 3251 991 3266 ·-·
1036 3223 1192 3286 Anticlides
1218 3233 1248 3281 in
1275 3228 1384 3282 decimo
1410 3235 1490 3278 sexto
1516 3222 1589 3275 libro
1660 3259 1672 3272 .

157 3325 200 3368 ses
217 3325 300 3368 sesses
318 3337 362 3387 ep.
381 3317 485 3373 Athen.
504 3329 547 3379 11.
566 3325 660 3388 9999.
677 3337 717 3386 o,
736 3321 789 3384 ubi
802 3297 971 3376 dulcissima
984 3319 1077 3375 sabula
1096 3322 1131 3375 ‹le
1151 3323 1309 3401 liuulo‚'iu
1327 3341 1403 3377 mare
1421 3305 1592 3392 prosilieris,

156 3417 185 3467 u't
211 3417 333 3483 puellam
355 3429 490 3480 serraret3
518 3416 555 3472 cl.
574 3418 716 3498 Plutarch·
738 3425 846 3474 courir.
873 3431 944 3490 sept.
967 3427 1080 3488 sap.20.
1109 3418 1308 3485 Wyttcubsch.
1327 3418 1495 3476 Animadrr·
1512 3417 1547 3471 T.
1559 3425 1586 3477 1.
1671 3479 1676 3488 ¹
1711 3403 1721 3418 ⁸

154 3528 182 3579 p.
192 3517 255 3574 987
279 3537 316 3556 -
351 3515 426 3568 luter
451 3521 618 3570 recentiores
636 3517 751 3574 eandem
768 3523 912 3573 materiem
931 3507 1085 3572 tractamur
1104 3515 1256 3593 hlursham.
1274 3501 1380 3576 Chi-on·
1399 3518 1468 3574 Can·
1491 3519 1588 3585 9343·

154 3609 198 3660 ed.
224 3607 355 3674 murm,
391 3611 494 3666 Fremt.
522 3615 637 3670 Dolens.
662 3616 796 3671 Chronol·
819 3635 848 3686 p.
856 3623 902 3679 67·
915 3611 1007 3684 198.,“
1023 3615 1188 3686 Ssutocruc.
1210 3619 1246 3672 ds
1271 3629 1345 3674 stetu
1373 3631 1401 3675 et
1425 3619 1474 3675 lat.
1494 3601 1587 3672 colon.

154 3713 269 3774 9997,
296 3705 424 3761 Larcher.
449 3707 583 3764 Herodot.
607 3712 640 3764 Τ.
652 3717 678 3771 7·
696 3729 724 3781 p.
733 3721 809 3780 417,
840 3714 957 3769 Olcviea
976 3714 1041 3768 hist.
1067 3711 1100 3765 T.
1111 3721 1138 3772 9·
1156 3729 1184 3780 p·
1194 3718 1254 3779 46„
1286 3713 1495 3770 neoni-Roob.
1519 3711 1586 3764 hist·

154 3804 245 3858 colon.
265 3805 298 3858 Τ.
306 3811 333 3863 2·
350 3809 448 3872 9446.
472 3809 506 3862 Τ.
513 3814 540 3868 3.
557 3824 585 3878 p.
594 3813 652 3874 39,
681 3809 858 3880 liegewisch·
875 3827 901 3878 p.
913 3813 973 3872 148
983 3814 997 3876 ,’
1018 3823 1046 3863 et
1065 3815 1226 3878 nuperrime
1245 3807 1281 3866 Ο.
1300 3811 1431 3866 Mueller·
1449 3805 1584 3864 Orohom

154 3916 181 3966 9
189 3903 252 3962 398
269 3906 366 3968 nrm·
391 3901 460 3955 Dor.
476 3905 542 3962 T·1·
560 3909 639 3972 965·

226 4025 272 4094 ⁵⁴>
289 4027 423 4090 Rern.'11·
440 4033 483 4088 til·
500 4025 559 4094 (32.
575 4025 620 4104 li.)
639 4023 707 4096 ibiq·
725 4027 820 4084 Schol.
839 4029 876 4084 cl.
894 4027 984 4084 Strab·
1001 4033 1044 4090 13·
1063 4046 1090 4099 p.
1098 4031 1161 4090 582.
1179 4046 1204 4083 c.
1223 4031 1357 4102 (8¹:211.)
1375 4029 1469 4088 Schol·
1486 4030 1584 4097 Eurip-

150 4123 243 4180 Orest·
263 4130 341 4200 rste·
358 4127 461 4195 Vellei.
477 4124 538 4180 Pet.
557 4133 582 4192 1,
599 4132 626 4186 2·
659 4125 754 4182 Taetz.
772 4127 807 4182 sd
825 4127 967 4198 Lycophr.
984 4133 1063 4192 1374·
1082 4131 1117 4186 T·
1127 4135 1154 4190 2·
1171 4137 1287 4200 91019·
1304 4129 1448 4246 llluellpr.¹
1474 4125 1583 4183 ileliae·

151 4227 196 4279 l'r.
214 4230 294 4293 946.
314 4224 405 4282 scurz.
1101 4237 1106 4242 '

211 4347 270 4418 ’55)
289 4349 418 4406 Tenedos
445 4351 535 4406 israele
563 4353 675 4408 Aeolica
706 4356 820 4408 vocatdr
850 4351 885 4407 ab
912 4351 1062 4408 Hellanico
1091 4371 1117 4408 r·
1144 4351 1250 4424 Geogr·
1277 4355 1380 4413 Minor.
1408 4355 1443 4412 T.
1454 4361 1480 4418 l.
1503 4357 1584 4424 939·

150 4449 277 4536 lludson.
304 4447 342 4500 cf·
360 4449 479 4515 Dionys·
496 4449 607 4519 Perieg.
624 4452 686 4513 537.
705 4451 772 4522 ibiq.
790 4451 917 4506 Essiam.
937 4451 1042 4508 Herod·
1061 4463 1086 4518 1,
1107 4457 1249 4520 149151·
1292 4455 1436 4510 Caeterum
1460 4449 1585 4506 nondum

151 4559 286 4617 “putam
310 4551 406 4617 poturi,
423 4561 485 4637 ¹cur
508 4544 578 4602 haec
601 4547 711 4604 coum
729 4551 805 4606 diets
822 4556 858 4606 sit
875 4545 1003 4616 Aeolica,
1028 4557 1120 4622 quine
1137 4555 1253 4608 nouam
1272 4551 1392 4608 Achaeis
1408 4549 1584 4616 retem

152 4650 235 4698 siucts
254 4647 420 4698 comtiterit.
1694 4634 1696 4649 Ι

365 4745 391 4776 ”
1121 4744 1191 4820 ‘17
