4156 5586
895 502 946 588 11‘
1062 525 1116 558 ··
1418 522 1420 526 ·
1499 511 1527 546 ·“

770 627 1054 650 m

197 785 271 830 mus
292 763 323 848 ²)
346 776 410 843 est,
434 785 534 852 quem
553 763 684 852 Orphei
706 763 849 830 carmina
862 759 975 850 ¹lyrica
1003 763 1129 848 curiose
1147 765 1345 832 aemulatum
1370 787 1442 830 esse
1463 769 1628 836 novimus:

197 900 261 976 Sed
284 903 351 982 jam
368 914 446 968 aute
463 899 698 990 Terpandmru
718 898 857 988 Orpheo
875 899 1034 989 insignes,
1067 921 1145 987 quse
1175 901 1261 988 epod
1290 901 1504 990 Apollonium
1531 907 1625 972 Rho·
1704 981 1709 988 ,

196 1036 286 1102 diurn
308 1039 450 1120 obtinet,
470 1051 596 1126 partes,
621 1037 661 1102 ab
680 1037 912 1123 antiquioribus
931 1035 1231 1126 Argonauticorum
1251 1039 1465 1126 scriptoribus
1486 1041 1623 1110 tributas

195 1197 283 1254 esse,
313 1199 380 1240 non
403 1185 512 1262 potest.
531 1178 567 1242 in
587 1174 723 1240 dubium
745 1173 865 1240 vocari.
907 1175 1007 1276 ,Patet
1023 1175 1087 1240 hoo
1105 1197 1150 1242 err
1167 1173 1287 1242 diserto
1309 1176 1510 1265 Pherecydis
1532 1179 1622 1246 Lerii

194 1314 397 1393 testimonio,
420 1315 510 1396 cujus
528 1317 596 1400 jam
617 1325 763 1402 tempore
787 1311 1000 1417 dubitationes
1022 1324 1055 1377 et
1076 1313 1277 1400 quaestiones
1299 1313 1426 1379 moveri
1449 1326 1623 1402 coeperant

196 1451 236 1514 de
256 1450 394 1536 Orpheo
414 1449 625 1538 Argonauta3
648 1471 750 1537 quum
768 1450 823 1518 alii
840 1451 1100 1518 Philammonem
1122 1452 1189 1518 istis
1208 1451 1355 1541 partibus
1378 1447 1529 1518 iunctum
1551 1425 1622 1518 'esso
1684 1457 1686 1468 ⁴

197 1587 371 1664 dixissent,
409 1587 642 1675 antiquioribus
659 1588 868 1668 testimoniis,
902 1599 939 1653 ut
967 1609 1027 1677 ego
1053 1587 1182 1673 quidem
1215 1601 1304 1655 certo
1332 1593 1413 1659 mihi
1433 1607 1623 1682 assequutus

197 1747 267 1787 esse
287 1724 416 1805 videor,
437 1693 499 1794 riisi
519 1725 561 1814 ³).
613 1727 747 1794 Etenim
777 1738 856 1812 quot
878 1724 1023 1790 carmina
1042 1725 1082 1792 de
1102 1725 1199 1792 rebus
1220 1727 1260 1794 sd
1280 1727 1418 1818 Trojam
1438 1732 1554 1820 gestis,
1578 1731 1623 1802 ‚de

194 2097 237 2149 ile
267 2097 322 2148 heo
346 2097 463 2150 Musaeo
497 2085 655 2150 Palaistirro
685 2071 740 2164 rid.
771 2097 939 2151 l'allrorreer·
965 2099 1000 2152 de
1026 2096 1150 2154 Aristob.
1179 2117 1206 2168 p.
1215 2107 1260 2162 75.
1311 2099 1409 2168 Neque
1438 2099 1559 2152 muttum
1585 2099 1621 2152 ab

193 2195 238 2248 hie
270 2199 382 2264 ineptiis
410 2193 487 2248 ebert
520 2193 637 2248 hienrici
665 2193 761 2249 Ursini
787 2201 885 2266 opinio
917 2199 953 2252 de
979 2194 1112 2267 Orpheo,
1144 2199 1178 2251 sd
1207 2195 1323 2253 Doridis
1355 2200 1429 2264 regis
1458 2195 1620 2263 exemplum

193 2291 315 2346 eonheto
345 2291 504 2357 (Analeett.
533 2288 583 2346 SS·
600 2297 627 2352 1.
661 2307 688 2360 p.
704 2297 765 2354 219.
803 2291 841 2346 ol'·
871 2295 912 2348 lo.
945 2293 1087 2350 clericum
1117 2301 1150 2351 in
1185 2295 1259 2350 orbi.
1290 2293 1384 2349 retest.
1420 2291 1457 2346 T.
1465 2297 1510 2352 27.
1546 2291 1578 2345 Ρ.
1593 2300 1626 2352 2.·

192 2407 222 2457 p·
241 2395 303 2450 135.
336 2389 462 2443 Netelern
484 2387 723 2444 menatenses.
746 2391 845 2446 eccles.
868 2393 906 2448 T.
919 2398 946 2454 5.
964 2409 990 2462 p.
1005 2397 1073 2458 8583
1099 2391 1202 2464 quibus
1227 2389 1457 2447 contradixerunt
1484 2385 1620 2442 Brueker.

193 2487 477 2554 hist.pbilos.'1'.1.
502 2497 530 2552 1).
549 2487 611 2542 371.
626 2471 756 2540 'Genea
784 2487 898 2560 Proleg.
923 2491 957 2544 ed
980 2488 1074 2560 Orph.
1098 2507 1126 2560 p.
1141 2489 1203 2545 XX
1229 2487 1335 2544 Febris.
1360 2485 1432 2541 Bibl.
1463 2483 1513 2543 Gt.
1542 2486 1578 2541 Τ.
1595 2493 1624 2546 i.

192 2605 220 2655 p.
232 2592 292 2646 113.
311 2583 379 2654 ibiq.
396 2583 519 2638 ilsrlees.
542 2577 682 2634 idosbern·
706 2581 741 2634 ad
765 2581 928 2638 cudworth·
950 2597 1019 2653 eyst.
1034 2587 1167 2641 bstelleot.
1184 2587 1221 2640 T·
1235 2595 1261 2646 1.
1279 2601 1307 2653 p·
1319 2592 1381 2648 311.
1399 2603 1460 2655 sqq·
1482 2581 1616 2640 buddeus

192 2681 277 2737 Obss.
295 2683 357 2736 liei.
376 2681 442 2740 'M
462 2695 490 2749 p·
502 2679 564 2739 309·
582 2675 769 2732 Velhenariue
787 2680 821 2734 de
835 2679 999 2736 Aristobulo
1016 2681 1123 2738 Jndeeo
1141 2697 1169 2750 p.
1182 2683 1252 2745 71).
1287 2683 1330 2736 lls
1345 2681 1525 2752 etymologiis
1544 2683 1618 2750 Cop-

193 2785 273 2846 tiois,
291 2779 392 2850 quibus
411 2789 537 2834 sonuum
554 2771 665 2847 Orphei
681 2794 786 2832 nomen
804 2776 969 2832 infestarunt
994 2779 1019 2835 J.
1044 2777 1074 2833 C.
1093 2778 1129 2834 D.
1146 2777 1318 2854 Sebrntfflue
1337 2777 1465 2850 (Optnso.
1483 2795 1528 2834 ree
1546 2797 1620 2835 mex.

195 2879 315 2948 Aegypt.
334 2879 437 2930 illustr.
455 2891 483 2943 p·
490 2877 551 2934 108·
566 2871 660 2943 tm).
677 2885 705 2928 et
722 2873 773 2928 etit
790 2879 970 2943 superiorum
988 2876 1147 2930 seculorum
1165 2877 1238 2942 (rid.
1257 2875 1382 2932 Tiedern.
1402 2893 1445 2946 pr.
1455 2875 1505 2932 Gr.
1516 2871 1621 2945 philos.

195 2994 222 3045 p.
239 2983 280 3036 10.
298 2975 398 3028 henne
415 2973 539 3028 Cononis
557 2985 670 3028 neustr.
687 2989 715 3043 p.
732 2979 775 3035 13.
793 2971 922 3026 barches.
941 2972 975 3025 sd
994 2971 1130 3027 Herodes.
1147 2973 1183 3028 T.
1196 2981 1223 3033 2.
1242 2983 1299 3028 not.
1313 2979 1375 3036 256.
1394 2973 1469 3032 Gest-
1486 2973 1521 3028 de
1540 2977 1617 3028 cultu

193 3071 296 3125 brechi
314 3087 342 3138 p·
355 3069 455 3140 too-l,
473 3073 553 3140 plura
574 3071 665 3138 inire,
681 3072 733 3126 ubi
749 3073 783 3127 de
799 3063 916 3142 Orpheo
933 3072 1075 3143 Aegyptio
1093 3087 1240 3139 exponam.

265 3193 296 3262 ²)
314 3179 481 3248 mandensi
506 3213 584 3250 error
609 3207 651 3250 eet
675 3197 796 3259 herinii,
828 3200 877 3264 qui
902 3195 1077 3249 lierodoturn
1103 3200 1225 3264 primum
1247 3200 1414 3266 scriptorem
1444 3213 1505 3251 esse
1534 3207 1620 3264 putat,

195 3299 244 3362 qui
263 3291 371 3360 Orphei
389 3295 560 3346 urentionrm
578 3289 677 3346 ieoerit
695 3291 836 3363 (Cononis
853 3302 953 3344 rrarrat.
970 3287 1073 3360 p.11.).
1120 3290 1146 3344 A
1169 3307 1226 3362 quo
1245 3309 1340 3349 errore
1359 3287 1484 3352 nondum
1503 3300 1619 3350 recessit

196 3393 304 3448 Gallius
335 3393 386 3456 (de
411 3393 489 3444 eultn
513 3389 616 3444 Barcini
641 3389 767 3460 p.102·).
822 3387 951 3452 Similem
975 3404 1099 3444 errorem
1125 3394 1227 3444 erravit
1252 3392 1382 3448 Freretur
1413 3394 1560 3458 (Mimoir.
1584 3394 1619 3446 de

193 3489 304 3544 l'Arsd.
321 3491 347 3544 d·
367 3493 452 3542 lusor.
477 3489 512 3542 T.
520 3495 562 3548 23.
581 3489 714 3557 12262),
740 3491 790 3559 qui
807 3483 959 3540 Pbrderurn
975 3489 1100 3554 prirurun
1118 3483 1228 3556 Orphei
1244 3500 1343 3544 testem
1363 3489 1466 3544 laudae
1487 3493 1534 3543 ln
1553 3508 1619 3544 corr-

194 3591 310 3639 uentium
336 3601 459 3638 errorem
486 3585 535 3638 alii
560 3585 667 3656 delapsi
690 3599 770 3652 suus,
801 3587 850 3653 qui
875 3583 1030 3636 Homerum
1049 3597 1131 3655 atque
1149 3585 1304 3642 Hesiodum
1322 3583 1431 3655 Orphei
1449 3593 1620 3642 meutmneru

193 3687 295 3740 iecisse
322 3687 431 3752 dicatu,
462 3694 493 3734 ut
520 3681 661 3751 Souchry.
685 3683 719 3738 de
752 3682 829 3750 hynr.
854 3693 908 3735 vet·
933 3680 1037 3750 dissi.
1063 3686 1093 3734 in
1117 3679 1203 3738 Me'm.
1227 3681 1262 3736 de
1287 3679 1403 3737 l'Acad.
1428 3683 1462 3737 T.
1472 3689 1514 3744 16.
1539 3689 1623 3750 ρ.99.

194 3785 284 3838 Nemo
310 3771 375 3836 raro
399 3782 454 3836 hoo
481 3778 666 3834 eouiideutius
693 3793 721 3835 et
743 3781 849 3846 maiora
872 3781 1030 3832 temeritate
1054 3775 1201 3832 affirmavit
1222 3776 1370 3834 Snedoriio
1388 3779 1435 3844 (de
1453 3779 1546 3846 hprnis
1567 3793 1619 3834 set.
1664 3763 1670 3772 ’

178 3879 385 3951 Ι1).19.),(1ιι2ι
410 3876 544 3934 “Praetor
562 3877 716 3934 Homerum
735 3892 817 3952 atque
834 3880 1004 3944 Hesiodum,
1022 3863 1128 3948 inquit,
1146 3875 1194 3949 qui
1211 3876 1309 3948 Orphei
1328 3877 1482 3930 mentionem
1495 3875 1619 3948 sariunt.

194 3986 221 4026 et
248 3984 350 4046 quante
374 3974 402 4026 irr
419 3975 517 4030 horrore
535 3977 611 4048 opud
626 3995 714 4030 omnes
733 3981 846 4032 Graecos
863 3981 923 4046 ejus
942 3975 1062 4028 consono
1074 3972 1201 4046 fuerint,
1233 3973 1303 4026 sotis
1329 3971 1486 4029 ostendum,
1518 3973 1621 4028 inultos

194 4073 265 4126 ulios
294 4072 348 4128 fide
373 4073 473 4142 dignos
496 4087 589 4150 tostos⁴
605 4074 765 4138 habemus-'3
801 4079 858 4129 l'ix
878 4075 1067 4142 impudentius
1085 4075 1152 4126 novi
1169 4071 1351 4125 mendatium.

267 4194 309 4264 ³)
336 4193 432 4252 schot.
454 4199 489 4252 so
513 4200 596 4256 rou.
624 4200 708 4268 Pyra.
723 4203 757 4264 1,
773 4203 837 4260 3³7.
868 4197 905 4252 sd
939 4195 1035 4272 Apoll.
1059 4194 1150 4252 ubst.
1170 4203 1202 4255 1.
1220 4198 1264 4256 22
1289 4191 1382 4248 sture
1400 4193 1443 4245 Fr·
1469 4189 1623 4258 Pluiecrd·

196 4310 224 4362 p·
243 4297 304 4354 sto
324 4293 377 4348 Lii.
395 4291 509 4362 oreste.
527 4294 583 4368 Op.
599 4299 634 4352 Τ.
648 4305 674 4357 2.
692 4312 719 4366 p·
731 4300 776 4358 65.
795 4296 821 4352 d.
839 4294 972 4350 Brueher.
990 4293 1057 4368 bier·
1075 4293 1180 4364 philos·
1197 4293 1231 4348 Τ.
1251 4301 1275 4352 1.
1294 4307 1321 4360 p.
1333 4295 1395 4350 375.
1413 4287 1623 4344 bibliensis·

159 4455 161 4460 ,
197 4391 249 4460 Ep.
267 4391 387 4462 mythol.
406 4402 432 4453 1.
449 4400 527 4462 pili.
550 4391 659 4450 Ottolr.
675 4393 804 4454 Mueller.
823 4391 959 4450 Oreborru
976 4384 1629 4462 p.2fio.w010hen.dertpoll.nh0d‚12:1³1.

196 4497 257 4550 221.
275 4490 415 4560 Gyreldus
433 4494 546 4560 quidem
560 4491 638 4562 (Op.
656 4495 690 4547 T.
708 4502 732 4553 1.
750 4509 778 4564 p.
793 4493 863 4566 71.)
883 4494 1022 4563 reperisse
1045 4485 1101 4544 sibl
1122 4490 1201 4542 deus
1219 4495 1276 4546 eet,
1301 4487 1351 4551 ¹eoi
1367 4483 1545 4550 Pherecydes
1560 4501 1628 4538 oon·

197 4590 355 4654 tredixerit,
381 4591 572 4654 Herodorum,
596 4597 646 4660 qni
663 4590 732 4660 (ap.
750 4591 846 4648 Sobel.
869 4589 965 4662 Apoll.
983 4587 1039 4650 ltin
1057 4595 1083 4652 1,
1101 4584 1170 4655 2³.)
1199 4583 1342 4652 duplicem
1369 4577 1519 4650 Orpheum
1541 4580 1628 4636 luisse

1190 4709 1236 4776 *2
