4196 5538
1160 493 1235 563 124

486 743 595 821 potest
623 733 663 798 de
694 740 843 807 omnium
870 737 1081 822 Pelasgorum
1107 736 1233 824 lingna,
1273 734 1386 801 scabra
1421 736 1490 802 iata·
1510 745 1546 800 et
1579 753 1703 822 aspera·
1723 731 1908 800 cultioribus

488 869 629 934 auribus.
678 869 889 961 Ubicumque
908 893 991 937 vero
1012 871 1137 959 Pelasgi
1156 870 1354 952 habitarent,
1382 872 1515 938 Aeolica
1535 871 1685 938 dialectos
1706 871 1822 934 usitata
1844 867 1912 949 suit,

492 1008 545 1072 vel
566 1006 704 1090 Dorica,
725 1021 764 1086 nt
782 1013 818 1078 in
839 1009 1006 1076 Thessalia
1022 1009 1087 1090 ³⁴).
1128 1008 1317 1073 Herodotus
1338 981 1456 1074 Aeoles
1478 1009 1627 1096 antiquos
1646 1007 1797 1092 Pelasgos
1816 1003 1912 1068 inisse

441 1132 446 1140 ’
493 1140 660 1210 contendit
675 1143 738 1231 33).
793 1147 907 1232 Itaque
933 1146 973 1210 ab
996 1145 1086 1209 omni
1108 1156 1201 1232 parte
1230 1143 1359 1210 &mata
1379 1155 1428 1210 est
1451 1145 1606 1231 Dionysii
1627 1139 1914 1209 Halicarnasseusia

495 1282 669 1362 sententia,
704 1302 766 1367 qna
795 1283 919 1369 Pelasgi
946 1281 1082 1348 Aeolica
1108 1245 1254 1346 dialecto·
1269 1283 1320 1347 usi
1348 1294 1424 1346 sunt
1446 1281 1510 1364 ³⁶).
1565 1246 1697 1346 Aeolica
1719 1287 1828 1343 autem
1849 1276 1917 1342 dia-

496 1417 597 1482 lectns
619 1421 654 1482 in
677 1418 826 1504 plurimis
848 1418 1005 1484 Graeciae
1028 1407 1213 1504 regionibus
1242 1417 1318 1508 inde
1339 1417 1378 1482 ab
1409 1418 1638 1503 antiquissimis
1662 1415 1864 1504 temporibus
1884 1415 1916 1478 in

497 1571 559 1618 usu
581 1551 642 1618 fuit
660 1555 731 1636 33),
766 1535 883 1641 ctqno
905 1521 1083 1641 antiquior,
1112 1576 1150 1618 eo
1174 1556 1319 1641 asperior
1339 1553 1485 1619 habenda
1507 1566 1573 1628 est;
1607 1565 1661 1634 nt,
1693 1551 1779 1638 quod
1800 1553 1917 1616 Pansa·

496 1689 566 1754 nia's
591 1689 630 1752 de
649 1690 981 1758 Lacedaemoniorum
1002 1693 1109 1778 lingna
1137 1691 1306 1772 observat,
1339 1691 1371 1758 id
1402 1690 1482 1756 nihii
1510 1689 1655 1756 dubitem
1677 1689 1718 1754 ad
1739 1687 1919 1782 antiquissi7

486 1815 589 1890 ‘mam
611 1827 788 1896 namfene
808 1827 875 1912 33).
929 1829 1007 1894 Huc
1034 1849 1162 1915 quoque
1190 1829 1333 1914 pertinet
1362 1827 1542 1914 digamma,
1578 1827 1664 1913 quod
1696 1827 1805 1914 ipsum
1836 1827 1917 1891 inter

501 1939 608 2036 cascos
629 1963 852 2050 Pelasgorum,
875 1987 933 2029 seu
948 1963 1112 2068 Aeolum,
1134 1964 1275 2052 spiritus
1288 1963 1367 2044 suit,
1388 1963 1486 2027 modo
1507 1966 1671 2051 asperius,
1701 1963 1800 2027 modo
1822 1961 1919 2027 lenius

501 2101 766 2185 pronuntiatum,
802 2115 834 2167 et
863 2102 1041 2168 Homerico
1071 2121 1151 2166 aevo
1172 2099 1308 2164 fortasse
1334 2101 1400 2184 jam
1430 2101 1601 2166 obsoletius
1624 2101 1767 2177 sactnmt
1805 2103 1838 2164 in
1863 2121 1921 2164 ve-

504 2235 641 2301 tustiore
661 2249 769 2300 antem
790 2239 882 2322 poesi
902 2236 1007 2302 adhuc
1027 2239 1187 2318 exstitisse
1207 2237 1268 2302 vix
1290 2233 1425 2302 dubium
1443 2237 1585 2306 videtur.
1633 2239 1690 2303 Fr.
1711 2238 1797 2323 Aug.
1821 2237 1923 2301 Wol-

504 2371 583 2452 fiua,
616 2393 713 2456 quem
743 2373 805 2438 hoc
834 2373 995 2462 digamma
1026 2376 1104 2440 olim
1135 2373 1274 2439 irrisisse
1303 2385 1441 2454 constat,
1473 2376 1551 2461 ipsa¹
1571 2371 1632 2438 hac
1660 2373 1809 2438 irrisione
1837 2373 1925 2435 viam

507 2507 567 2572 sibi
597 2479 786 2594 praeclusit,
818 2533 860 2575 ue
888 2512 921 2576 id
949 2506 1121 2600 inobaret,
1151 2511 1237 2598 quod
1265 2509 1362 2577 hodie
1391 2510 1578 2578 doctissimo
1601 2512 1715 2597 cuique
1737 2529 1926 2596 persuasum

510 2719 951 2745 *tuf—nm

580 2859 627 2928 ³⁴)
645 2863 727 2914 Pans.
745 2869 788 2926 10,
806 2866 832 2928 Β,
851 2867 877 2920 3.
905 2859 942 2914 cl.
961 2860 1049 2916 Strab.
1070 2865 1095 2920 5.
1113 2867 1209 2927 p·220.
1229 2872 1286 2946 etc,
1315 2862 1435 2917 Heereu·
1454 2859 1547 2918 lde‘eu.
1572 2865 1648 2944 Τάς..
1657 2879 1685 2932 p·
1693 2868 1737 2926 64.
1772 2861 1876 2916 Marah·
1893 2861 1930 2915 H.

510 2959 542 3010 P.
568 2964 664 3025 psa,
692 2962 748 3011 alti.

581 3079 626 3147 34⁵)
644 3083 747 3134 Herod·
765 3087 793 3141 7·
810 3087 869 3144 95.:
901 3087 922 3130 si
947 3087 1032 3140 listris
1056 3107 1093 3124 -·
1112 3083 1139 3132 si
1162 3089 1237 3134 esset
1261 3087 1391 3146 sutrinensi
1416 3091 1542 3145 unumst.
1586 3056 1696 3140 Honim
1719 3105 1785 3142 vero
1810 3083 1930 3141 Aeolum

510 3187 621 3250 critique
647 3186 735 3250 patria
761 3181 856 3235 eadem
881 3179 1027 3233 'Ibessaliu
1045 3179 1100 3234 suit
1118 3179 1238 3248 (Conon.
1255 3188 1300 3243 27.
1327 3177 1554 3250 Herod.7‚176.
1582 3184 1699 3239 Diodor.
1716 3189 1742 3250 4,
1759 3186 1832 3251 67),
1859 3184 1930 3237 unde

511 3285 554 3337 60.
568 3297 595 3346 p.
611 3279 676 3333 bell·
694 3281 771 3346 Troj·
786 3285 817 3332 in
830 3275 978 3354 Boeotiam
995 3278 1204 3344 descenderunt,
1220 3278 1317 3348 ibique
1334 3297 1364 3332 se
1384 3282 1561 3348 conjunxisse
1580 3280 1712 3334 dicuutur
1729 3300 1793 3336 tum
1805 3281 1933 3344 Achaeis,

511 3389 596 3428 novas
615 3375 730 3430 in'ilsia
748 3377 826 3432 sedes
845 3364 981 3444 petituris.
1013 3377 1089 3450 Illinc
1108 3377 1241 3428 disiectus
1257 3375 1372 3430 Aeolica
1385 3381 1415 3430 in
1433 3375 1553 3431 Lesbum
1571 3384 1777 3450 transmigravit
1794 3391 1822 3433 et
1843 3386 1873 3434 iu
1892 3384 1933 3432 ui-

512 3479 600 3527 cinum
629 3475 782 3541 Troadem,
810 3489 882 3542 qnae
905 3453 1000 3540 postea
1026 3472 1124 3526 Aeolis
1152 3471 1225 3523 dieta
1251 3483 1302 3524 est·
1566 3465 1570 3474 '

529 3629 534 3638 ·
587 3613 636 3682 ³⁶)
653 3617 771 3682 Dionys·
790 3617 813 3680 1,
832 3621 875 3678 89.
911 3619 968 3670 Nec
991 3611 1074 3670 aliam
1100 3614 1224 3686 liugnam
1251 3614 1411 3670 Herodotus
1435 3619 1584 3690 intelligit,
1613 3628 1663 3692 qul
1679 3623 1863 3694 Pelasgorum
1881 3624 1934 3676 liu-

515 3733 598 3784 gnam
623 3719 668 3766 sui
694 3719 828 3781 temporis
855 3712 996 3784 horridam
1022 3726 1108 3768 vocat.
1155 3713 1268 3767 Aeolica
1293 3713 1427 3772 dialectos
1445 3719 1583 3786 Herodoti
1606 3733 1693 3775 aetate
1717 3725 1808 3791 magis
1825 3721 1936 3774 exculte

513 3827 586 3876 eran
605 3809 636 3868 ct
648 3812 724 3865 haud
744 3812 827 3865 dubie
846 3809 879 3864 ab
898 3819 1067 3881 antiquiora,
1094 3827 1177 3880 qnam
1195 3813 1366 3882 Pelasgicmn
1385 3833 1484 3870 vocare
1500 3819 1654 3890 malumus,
1682 3823 1769 3884 aeque
1786 3817 1836 3872 sel
1849 3819 1936 3886 magis

514 3915 596 3962 etism
623 3910 747 3972 diuersa,
778 3925 862 3976 qnam
891 3910 1038 3964 Homerica
1066 3910 1100 3964 ab
1126 3911 1293 3966 Herodotea·
1343 3914 1488 3968 Caeterum
1515 3913 1675 3968 Herodotus
1699 3893 1812 3980 duplex¹
1832 3926 1937 3968 tantum

514 4007 664 4060 discrimen
687 4010 798 4070 statuit,
824 4011 887 4064 sivae
910 4013 1019 4072 anguis,
1046 4021 1073 4062 et
1097 4016 1161 4070 aim
1178 4001 1275 4076 dmm
1301 4031 1369 4084 ergo
1387 4012 1458 4080 illud
1476 4019 1507 4068 in
1524 4031 1554 4066 se
1570 4009 1688 4067 includit
1704 3995 1869 4074 Aeolicum
1898 4015 1936 4063 si·

517 4110 578 4171 enti,
602 4104 657 4156 hoc
674 4103 806 4157 Atticum
830 4103 973 4172 (Thucyd
991 4115 1016 4171 1,
1034 4114 1059 4165 2·
1091 4105 1181 4162 strab.
1199 4113 1225 4169 8·
1243 4085 1339 4177 paea.
1364 4117 1390 4173 9·
1408 4113 1526 4178 P·392.).

587 4244 633 4312 ³²)
652 4247 741 4303 Sunia.
758 4254 785 4311 6.
803 4251 919 4317 natta„
951 4255 1001 4318 qui
1023 4235 1141 4304 Aeolic'o
1168 4269 1217 4306 ors
1234 4269 1341 4308 cannas
1366 4255 1499 4311 Graecias
1523 4255 1628 4309 incolas
1654 4252 1789 4322 loquutus
1812 4265 1874 4306 esse
1892 4239 1936 4305 re-

514 4345 582 4412 fert,
613 4352 736 4414 exceptis
760 4344 980 4400 Atheniensibus
1005 4358 1033 4400 et
1058 4329 1286 4416 Megarensibus,
1313 4360 1341 4404 et
1369 4353 1431 4406 aliis
1458 4357 1614 4426 perpaucis.

547 4427 556 4452 ι
582 4473 629 4539 33)
644 4475 726 4530 Pans·
744 4479 770 4539 3,
791 4479 835 4536 15,
851 4479 877 4530 2.
895 4457 930 4524 do
946 4442 1090 4526 Alouanis
1110 4461 1250 4542 versibus,
1282 4479 1332 4542 qui
1356 4479 1417 4526 nur
1440 4480 1462 4532 t«
1489 4479 1564 4532 nun
1592 4479 1664 4528 utrm
1688 4478 1812 4543 imnum
1830 4475 1874 4523 nis
1889 4472 1937 4525 aa}
1985 4459 1986 4462 ¹

513 4577 584 4626 :tvm
609 4581 621 4631 t
644 4579 753 4632 asses..
787 4575 870 4628 leurs
894 4573 1040 4634 sensnm
1064 4577 1089 4620 vt
1112 4573 1216 4632 strum.
