4196 5538
846 508 937 581 151.
1051 505 1054 510 ’

163 761 267 826 vernt
290 747 553 841 retenemus}
587 759 643 846 qu
670 767 782 823 tamen
811 773 912 839 quum
934 752 970 817 n
997 748 1149 816 omibus
1178 715 1275 814 retu
1297 749 1452 838 orpnes
1474 745 1592 832 nnun-

165 895 295 978 candis,
326 908 399 962 tum
421 898 456 962 in
475 895 526 962 his
548 893 780 982 cosmogoniois
801 891 927 958 mmm·
951 853 1130 955 sibi'firirrit
1148 888 1331 970 criterium,
1348 887 1403 961 ,ad
1425 865 1511 973 quod
1533 908 1591 973 ge·
1640 979 1647 990 .

164 1034 267 1098 nui-na
295 1007 512 1121 asuppositia
537 995 757 1119 distingueret.
810 1028 884 1115 Qua
912 1047 950 1092 re
966 1015 1077 1092 ⁸etiam
1107 1022 1231 1090 factum
1263 1033 1328 1104 est,
1363 1037 1401 1090 ut
1431 1025 1592 1111 singulare
1668 1017 1671 1026 ’
1752 1033 1756 1042 ’

165 1181 312 1255 systema
339 1169 600 1257 philosophicum
628 1165 766 1255 Orpheo
788 1163 958 1244 conderet,
990 1163 1033 1226 de
1052 1183 1117 1248 quo
1138 1183 1181 1228 ne
1205 1163 1357 1260 cogitavit
1379 1161 1509 1247 quidem
1532 1183 1591 1226 an·

166 1307 276 1392 tiquus
299 1318 397 1394 vates.
445 1307 561 1372 Judioii
591 1317 701 1371 autem
721 1303 806 1390 leges
826 1299 887 1367 sibi
916 1300 1100 1380 constituit,
1137 1312 1175 1366 ot
1194 1304 1337 1382 primum
1362 1300 1503 1387 germina
1528 1299 1592 1362 sint

108 1487 111 1490 -
166 1442 296 1528 Orphei
317 1442 464 1522 decreta,
493 1464 574 1528 quae
595 1441 654 1506 sub
677 1429 745 1524 ojus
769 1440 902 1505 nomine
923 1435 1198 1538 ascriptoribus,
1234 1438 1291 1524 qni
1312 1449 1412 1502 aetate
1429 1439 1591 1546 'Alexan-

165 1581 284 1642 drinos
308 1577 359 1664 ³³)
382 1557 557 1666 superent,
584 1553 829 1656 memorentur,
855 1549 961 1662 neque
978 1575 1176 1640 conveniant
1197 1596 1273 1639 cum
1295 1571 1442 1640 doctrina
1464 1577 1591 1659 Pytho·
1740 1629 1742 1632 .
1842 1645 1846 1657 Ι

164 1718 295 1797 gerico:
331 1718 450 1780 deinde
479 1739 559 1802 quae
587 1713 712 1780 fabrdae
742 1711 781 1805 ab
810 1711 924 1778 iisdem
952 1711 1163 1798 scriptoribus
1186 1723 1223 1777 ut
1245 1713 1484 1798 antiquissimae
1504 1710 1593 1782 reie-
1674 1675 1683 1710 χ

164 1865 296 1932 rantur,
318 1865 349 1918 et
370 1853 548 1919 Hesioder's
568 1831 768 1940 repugnent:
798 1863 867 1914 tum
886 1871 967 1945 quae
989 1870 1058 1928 res,
1085 1848 1125 1912 ab
1146 1849 1261 1914 iisdem
1281 1849 1445 1946 proditae,
1471 1869 1589 1935 qnant-

165 1989 217 2052 vis
238 1989 362 2055 silentio
393 1964 599 2076 abeomoro
630 2003 662 2052 et
691 1982 840 2052 Hesiodo
862 1961 1128 2072 praetermissae,
1160 2000 1270 2052 temen
1291 1987 1421 2052 nonnisi
1442 1985 1516 2050 rudi
1536 1987 1591 2050 in·
1621 1948 1625 1960 ¹

167 2127 332 2212 cultaeque
351 2127 478 2213 Orphei
498 2129 591 2193 aetati
621 2126 797 2224 convenire
825 2123 1007 2190 videantur.
1035 2157 1078 2174 -
1128 2125 1181 2189 De
1197 2127 1303 2213 prima
1323 2128 1374 2192 ilia
1394 2127 1478 2212 iege,
1508 2111 1589 2208 (luae

165 2243 320 2344 judicium
350 2251 499 2330 nostrum
527 2265 731 2342 moderetur,
771 2275 897 2327 certum
929 2274 978 2325 est
1007 2261 1082 2346 quid
1108 2263 1336 2350 respondeam.
1388 2263 1435 2328 Ea
1465 2263 1590 2348 primos

131 2451 134 2457 f
165 2397 407 2486 Pythagoreos,
440 2403 495 2487 qui
524 2401 652 2487 Orphei
666 2421 802 2464 nomeu·
821 2399 864 2466 ad
887 2395 979 2462 suem
1002 2395 1203 2484 disciplinam
1229 2400 1449 2502 traduxerint,
1479 2401 1589 2486 ponit3

167 2535 253 2620 quod
275 2549 385 2602 tamen
408 2539 542 2604 omnino
566 2535 683 2602 fahum
704 2559 773 2600 esse
793 2557 892 2623 supra
913 2533 1092 2598 docuimus.
1141 2531 1268 2600 Deiud'e
1288 2559 1324 2602 ea
1346 2539 1373 2602 si
1393 2538 1509 2614 uteris,
1538 2535 1589 2598 ia·-

168 2673 257 2737 ciiius
280 2673 462 2740 discernere
483 2675 622 2762 poteris,
650 2696 730 2758 quae
749 2694 816 2737 non
834 2673 899 2736 sint
918 2670 1080 2756 Orphica,
1112 2695 1209 2758 quam
1231 2695 1312 2759 qnae
1339 2675 1404 2739 sint
1430 2671 1587 2758 Orphica.

165 2809 215 2874 At
237 2823 347 2874 nostra
374 2814 591 2898 potissimum
606 2811 740 2875 interest
767 2815 815 2892 (et
842 2807 927 2874 haud
957 2807 1052 2873 dubie
1074 2811 1170 2874 etiam
1192 2811 1406 2876 Tiedernanni
1426 2809 1601 2900 intersunt

165 2947 271 3025 scire,
306 2969 386 3030 quae
423 2959 593 3034 germanae
626 2946 753 3034 Orphei
792 2946 968 3011 sententiae
1010 2943 1121 3012 haberi
1160 2951 1297 3034 possint.
1355 2949 1448 3014 Num
1476 2961 1584 3012 autem

166 3082 292 3162 omnia,
326 3103 407 3167 quae
433 3083 472 3148 de
493 3083 615 3162 ¹nnnrdi
642 3096 674 3147 et
703 3083 839 3148 deorum
868 3081 1045 3168 originibus
1072 3083 1243 3170 antiquitas
1273 3085 1418 3168 tradidit,
1446 3099 1479 3151 et
1504 3108 1585 3171 quae

166 3243 234 3284 non
264 3221 464 3288 conveniunt
493 3245 568 3288 cum
589 3219 832 3310 Pythagoricis,
853 3218 1038 3284 Homericis
1069 3233 1101 3284 et
1122 3207 1292 3312 Hesiodeis
1316 3223 1457 3308 placitis,
1486 3245 1586 3318 qrtae-

167 3379 230 3442 que
255 3357 347 3423 nobis
376 3359 528 3426 videntm·
559 3357 634 3423 rudi
665 3357 795 3444 Orphei
822 3358 914 3422 aetati
942 3369 1016 3443 apta
1044 3379 1130 3438 esse,
1166 3361 1272 3426 statim
1305 3358 1344 3425 ad
1370 3359 1478 3458 ipsum
1513 3361 1585 3425 Or·

166 3493 288 3580 pheum
314 3507 481 3560 auctorem
507 3493 679 3578 rejicienda
707 3494 807 3588 suntt
849 3495 974 3578 Reiecit
1003 3495 1262 3581 Tiedemannus,
1289 3520 1407 3586 parum
1433 3499 1584 3576 sollicitus

168 3631 208 3694 de
236 3645 504 3718 argumentorum
534 3651 670 3696 suorum·
695 3629 917 3732 imbecillitate.-
971 3631 1095 3696 Nonne
1126 3646 1252 3720 poterat
1274 3635 1360 3729 fieri,
1398 3651 1435 3701 ut
1457 3637 1585 3702 serioris
1630 3637 1634 3648 '
1695 3723 1697 3728 Ι
1729 3599 1732 3604 i
1807 3645 1812 3654 '

166 3769 239 3833 aevi
269 3763 363 3856 poeta
400 3767 460 3831 s'ub
494 3765 620 3861 Orphei
659 3765 793 3864 nomipe
826 3731 941 3852 aliquid
982 3779 1208 3856 componeret,
1244 3773 1330 3856 quod
1368 3795 1467 3860 aeque
1504 3775 1585 3837 rude

165 3905 214 3991 (et
251 3903 386 3971 fortasse
420 3903 519 3970 etiam
550 3901 682 3982 rudius)
714 3915 798 3968 esset
840 3915 935 3988 atque
978 3906 1048 3990 ipsa
1083 3905 1212 3995 Orphei
1251 3909 1365 3973 aetas?
1422 3911 1475 3974 Ac.
1510 3901 1595 3994 qni·'

167 4065 306 4128 cumque
338 4015 486 4130 Orphicai
524 4039 732 4128 conscripsit,
764 4051 797 4118 et
832 4061 946 4128 sapere
978 4038 1147 4124 didicerat,
1184 4043 1268 4116 hane
1298 4047 1392 4110 etiam
1425 4047 1586 4112 rationem

238 4285 286 4376 3³)
304 4309 395 4364 Nimis
421 4320 491 4373 vaga
517 4315 545 4357 ot
569 4308 675 4356 iucem
699 4311 742 4354 est
765 4302 835 4358 haee
853 4311 997 4362 universae
1015 4306 1220 4364 Alexandrime
1237 4313 1332 4364 aetatis
1351 4317 1518 4380 scriptorum
1536 4283 1586 4385 apss

164 4407 294 4473 palmeo,
317 4409 421 4474 quippe
439 4419 509 4472 qnae
527 4403 615 4456 muln
631 4415 666 4455 et·
677 4411 739 4456 ente
758 4387 786 4456 ἃ
802 4415 868 4470 post
884 4403 949 4458 Chr.
968 4421 1002 4459 u..
1013 4405 1107 4460 secula
1125 4407 1332 4472 complectatur.
1373 4411 1410 4462 Ea
1428 4415 1517 4481 igitur
1534 4419 1584 4481 qui

162 4509 269 4565 utitur,
298 4515 347 4556 aut
373 4517 472 4572 parum
497 4515 548 4558 eut
573 4503 646 4558 niir'd
669 4503 741 4558 mihi
766 4499 1028 4556 demutationes.
1068 4500 1113 4558 Ci-
1137 4499 1208 4559 Btbt.
1234 4501 1300 4560 ern.
1325 4503 1441 4561 Amttel·
1469 4509 1582 4575 T.2‚2.

163 4619 191 4670 r·
206 4605 241 4663 8⁶
267 4615 308 4670 ⁸a·
