4196 5538
859 525 1071 608 105OE

754 639 1037 660 Μ

183 803 220 849 ac
244 783 271 848 si
292 781 425 868 abipso
446 777 584 867 Orpheo
599 771 743 864 proiecti
765 784 963 882 assentaet,
982 771 1069 890 quod
1090 771 1268 878 mirabere,
1297 773 1491 862 majoribus,
1511 795 1610 863 quam

183 923 372 1006 umquam,
393 915 587 982 commentis
621 924 656 978 et
689 900 856 978 fraudibus
889 905 1060 998 antiquum
1087 924 1201 980 vatem
1238 915 1455 980 cumulavere.
1502 915 1612 980 Nova

183 1055 368 1122 litterarum
389 1051 480 1120 sedes
503 1069 626 1118 novam
645 1046 684 1115 iis
703 1045 880 1135 praebebat
901 1049 1082 1118 materiem.
1129 1050 1277 1138 Antiqua
1298 1071 1377 1138 gens
1397 1049 1611 1138 Aegyptiam,
1713 1035 1717 1043 ’

182 1192 219 1258 in
240 1191 395 1279 religione
415 1210 514 1278 supra
532 1188 670 1274 reliquas
690 1183 840 1266 demens,
869 1186 937 1270 jam
958 1186 1053 1269 olim,
1087 1189 1185 1256 stulta
1204 1188 1357 1278 superbia
1377 1189 1471 1268 elata,
1502 1185 1610 1254 Grae·
1630 1168 1631 1176 ἵ

184 1351 256 1412 cos,
288 1341 456 1415 tamquam
476 1325 528 1394 sui
548 1323 738 1412 discipulos,
772 1323 972 1411 despexerat.
1012 1326 1137 1408 Nunc,
1165 1347 1268 1414 quum
1291 1327 1494 1392 Graecarum
1514 1325 1611 1392 disci-

182 1467 347 1556 plinarum
369 1462 650 1532 excellentiamin
677 1460 801 1550 gremio
823 1481 883 1526 suo
904 1459 1048 1544 foveret,
1080 1463 1251 1550 utriusque
1271 1463 1377 1552 gentis
1396 1463 1545 1530 notiones
1570 1463 1611 1529 de

183 1605 243 1672 diis
265 1615 299 1668 et
320 1613 434 1668 natura
458 1622 570 1666 rerum
588 1609 758 1696 tantopere
778 1597 864 1664 inter
883 1621 919 1666 se
941 1583 1126 1698 conciliatae
1145 1612 1179 1666 et
1197 1599 1351 1666 confusae
1371 1613 1464 1682 sunt,
1490 1614 1530 1668 ut
1550 1604 1609 1668 vix

185 1741 329 1828 dignosci
355 1751 489 1828 possent
516 1737 555 1804 ab
586 1738 642 1819 iis,
674 1738 732 1824 qui
750 1734 902 1824 deinceps
922 1751 1162 1820 successerunt,
1194 1737 1296 1804 doctis
1325 1737 1523 1807 hominibus.
1576 1741 1609 1806 A

182 1879 269 1944 malo
289 1879 352 1944 isto
373 1879 546 1943 notionum
564 1873 730 1940 ¹consortio
751 1870 898 1959 profecta
919 1887 968 1942 est
988 1897 1075 1942 nova
1094 1875 1367 1966 philosophorum
1389 1883 1492 1960 se‘ota,
1529 1899 1609 1966 quos
1639 1871 1660 1924 .‘

183 2017 410 2104 synoretistas,
444 2014 581 2080 barbaro
609 2011 758 2101 profecto
788 2012 937 2091 nomine,
972 2013 1135 2101 appellare
1163 2015 1303 2082 solemus
1327 2011 1391 2100 ⁹⁹).
1441 2015 1509 2082 Hic
1538 2015 1609 2090 Or,-

181 2155 269 2242 pheo
290 2155 393 2220 multa
415 2149 605 2218 addiscenda
626 2161 733 2230 erasit,
767 2148 807 2214 de
836 2147 953 2236 quibus
983 2152 1113 2238 antiqua
1139 2150 1277 2220 Graecia
1296 2173 1338 2218 ue
1358 2151 1456 2216 fando
1479 2153 1609 2239 quidem

184 2290 367 2368 audiverat3
401 2290 536 2354 numina
557 2291 586 2354 ei
610 2285 799 2352 celebranda
819 2299 928 2367 erant,
964 2269 1046 2374 quae
1065 2289 1174 2356 liberis
1195 2289 1330 2357 Graecia
1353 2283 1532 2378 numquanl
1554 2291 1610 2356 in·
1718 2343 1727 2352 .

180 2435 366 2492 notuerunt.
420 2423 510 2488 Hinc
540 2445 667 2488 novum
693 2421 943 2509 theogoniarum
968 2424 1191 2512 Orphicarum
1221 2451 1324 2515 genus
1353 2429 1529 2496 conflatum
1551 2439 1609 2509 est,

183 2561 433 2650 ab'antiquiore
467 2559 733 2626 diversissimum.
787 2559 845 2625 Ad
875 2558 987 2624 eadem
1017 2571 1167 2647 tempora
1198 2565 1396 2660 Palaestinae
1427 2543 1609 2632 Aristobufl
1673 2549 1682 2560 ,
1753 2631 1759 2642 Ι
1801 2533 1805 2540 ·
1858 2571 1863 2582 .

182 2701 313 2768 fraudes
341 2699 527 2788 pertinent,
571 2671 686 2784 quibus
716 2695 865 2782 omnium
896 2698 1033 2785 posthac
1065 2710 1197 2786 patrum
1226 2687 1488 2766 Christianorum
1520 2704 1609 2790 piam
1724 2781 1736 2790 ᾖ

68 2911 73 2921 ¹
185 2839 407 2904 credulitatem
432 2835 526 2902 elusit
545 2833 628 2922 ¹⁰9).
679 2833 812 2937 Verum
831 2845 862 2898 et
881 2834 944 2920 ipsi
965 2835 1146 2902 Aristobuli
1171 2841 1331 2926 aequales,
1359 2859 1440 2925 quos
1460 2861 1529 2904 non
1550 2841 1610 2906 ad·-

128 2999 134 3019 ·
182 2975 320 3039 modum
347 2993 473 3057 sagaces
483 2969 596 3036 ‘fuisse
623 2983 768 3058 oportet,
799 2969 978 3056 ‘quidquam
1008 2971 1131 3054 fraudis
1154 2971 1280 3041 odorati
1307 2999 1377 3040 esse
1397 2975 1552 3042 videntur
1573 2979 1608 3044 in

183 3113 248 3177 hoc
270 3109 395 3176 novitio
416 3106 553 3196 Orpheo
575 3107 771 3187 Palaestino,
803 3107 893 3192 cujus
914 3119 1025 3173 tamen
1047 3111 1145 3191 odor,
1178 3123 1217 3175 ut
1237 3133 1255 3174 e
1274 3113 1397 3197 pusillis
1419 3112 1610 3202 fragmentis

184 3249 381 3338 colligimus,
416 3267 485 3312 non
509 3245 680 3332 ambiguus¹
707 3256 793 3332 erata
825 3267 867 3310 ex
889 3267 953 3331 quo
977 3267 1054 3312 sane
1078 3258 1231 3333 apparet,
1261 3247 1315 3312 illo
1340 3250 1438 3313 etiarn
1459 3220 1610 3337 tempore

181 3386 330 3453 nondum
351 3383 501 3482 abolitam
523 3381 622 3448 fuisse
641 3357 764 3470 antiqui
785 3383 922 3494 Thpacis
946 3383 1191 3461 auctoritatem
1225 3384 1319 3449 sicuti
1342 3387 1432 3451 nullo
1453 3409 1610 3474 umquam

182 3546 264 3590 aevo
286 3519 475 3603 defuerunt,
510 3523 567 3607 qui
593 3521 629 3586 in
658 3543 772 3594 recens
801 3522 949 3609 procusis
972 3521 1168 3590 carminibus
1191 3519 1346 3609 Orphicis
1364 3537 1527 3592 vetustam
1548 3549 1611 3614 va-

180 3665 222 3730 tis
237 3641 239 3646 ·
252 3651 444 3726 suavitatem
465 3658 725 3724 ammadvertere
752 3657 814 3726 sibi
841 3659 1049 3740 viderentur,
1081 3680 1143 3744 qua
1163 3657 1288 3724 feroces
1311 3660 1516 3728 Graecorum
1537 3665 1609 3730 ani-

181 3821 254 3866 mos
283 3797 461 3877 domuerit,
497 3817 534 3859 ac
560 3795 660 3882 tigres
677 3795 880 3884 ,rabidosque
899 3799 1008 3863 leones
1028 3794 1230 3868 delesiuerit.

267 3938 379 4025 Quam
402 3933 511 4002 variae
538 3944 647 3996 autem
678 3953 715 3996 ao
736 3931 1009 3998 dissidentes·res
1030 3933 1066 3998 in
1086 3931 1268 4020 Orphicum
1288 3935 1403 4020 poesin
1423 3933 1485 3998 hac
1505 3947 1608 4002 aetate

181 4073 405 4144 Alexandrina
426 4082 595 4166 congestae
614 4083 882 4156 coacervataeque
912 4069 994 4152 sint,
1028 4069 1153 4158 optime
1183 4071 1334 4159 colligere
1360 4053 1483 4160 poteria
1510 4093 1528 4136 e
1554 4069 1608 4138 di-

179 4243 626 4266 Μ

252 4350 450 4436 ”tummim
473 4347 539 4404 bist.
562 4356 624 4404 crit.
641 4309 749 4420 philos·¹
762 4351 796 4406 T·
807 4357 832 4412 1.
857 4367 885 4420 p.
896 4355 966 4414 1355
980 4368 1023 4422 sq·
1047 4351 1079 4407 ds
1095 4354 1278 4427 Pythagoreis
1293 4353 1464 4428 syneresistis
1481 4355 1607 4410 Αἱμονι-

181 4453 256 4508 driae
273 4449 323 4505 sub
339 4448 511 4506 Ptolemaeis.
544 4449 712 4506 Prodiorunt
730 4451 761 4505 hi
783 4453 838 4520 jam
855 4448 907 4505 sub
924 4451 1124 4508 Philometoris
1142 4465 1170 4506 et
1186 4453 1344 4522 Physconis
1362 4457 1490 4521 irnperio.

251 4577 323 4649 10⁰)
339 4578 405 4632 Vid.
424 4593 485 4646 sup.
500 4595 529 4646 p.
538 4582 582 4639 39·
618 4575 774 4632 Obscuram
791 4576 875 4645 hujus
892 4575 1015 4631 bominis
1040 4578 1204 4629 memoriam
1221 4579 1395 4630 resuscitavit
1417 4571 1605 4640 valkeuerius

176 4687 208 4740 iss
224 4677 314 4745 libro,
330 4691 414 4747 quam
430 4676 486 4743 jam
502 4677 674 4768 saepissimas
684 4673 866 4728 laudavimus·
973 4679 975 4684 '
1163 4743 1205 4815 14
