4156 5586
1152 459 1178 538 6

1029 575 1315 602 m

464 727 656 814 cogitatum,
678 731 849 799 ornatum,
877 717 1041 784 variatum
1063 715 1113 782 eit.
1161 714 1260 782 Vena
1280 715 1553 828 poetirajtrmma
1580 709 1785 781 Graecorum
1800 727 1890 780 ttan-

466 881 578 956 topere
616 865 865 951 penetraverat,
903 863 958 935 ut,
999 851 1027 918 si
1064 852 1266 940 singulamm
1306 864 1449 922 aetatum
1488 853 1737 938 secrdonmrque
1775 855 1894 941 singuli

466 1021 582 1098 poetae
611 1000 705 1068 nobis
736 1004 960 1082 superessent,
990 987 1114 1080 optime
1134 989 1211 1056 inde
1236 995 1423 1084 perspicere
1449 1011 1619 1081 possemus
1640 989 1784 1076 singrdos
1809 1011 1894 1079 pro-

467 1165 597 1236 gressus
618 1150 651 1204 ct
673 1133 807 1224 gradus,
842 1135 957 1224 quibus
982 1131 1257 1222 ingeniosissimus
1282 1135 1423 1223 populus
1449 1132 1490 1199 ad
1510 1129 1704 1200 altissimum
1723 1129 1801 1198 illud
1820 1135 1894 1200 cul·

470 1299 563 1350 turae
593 1276 759 1365 fastigium
795 1271 1006 1340 adscenderit.
1065 1273 1155 1340 Nam
1187 1276 1274 1344 inter
1302 1278 1476 1344 innumera
1510 1274 1570 1342 alia
1585 1273 1665 1340 'hoc
1693 1292 1826 1360 quoque
1857 1273 1895 1340 iu

416 1488 419 1494 ,
473 1417 608 1485 Graecis
629 1412 738 1502 poetis·
755 1411 971 1495 admiramur,
995 1422 1034 1478 ut
1053 1411 1178 1494 seculi,
1202 1435 1269 1500 quo
1290 1417 1427 1504 quisque
1444 1415 1545 1498 vixit,
1575 1412 1675 1480 fidant
1695 1412 1793 1479 nobis'
1810 1415 1896 1480 imu-
1951 1444 1954 1450 ·
2067 1435 2068 1440 ¹

471 1563 583 1650 ginem
606 1551 755 1620 reddant.
802 1550 915 1638 Quid?
945 1549 1057 1637 quod„
1070 1563 1143 1638 {quo
1168 1552 1261 1620 altius
1289 1555 1325 1622 in
1350 1557 1574 1644 antiquitatem
1603 1555 1807 1622 Graecorum
1834 1555 1896 1622 sd·

473 1703 676 1779 scandimus,
703 1715 742 1760 oo
765 1690 883 1756 arctius
902 1689 1013 1792 omnia¹
1034 1711 1111 1755 oum
1127 1691 1223 1784 ¹poeni
1244 1695 1416 1778 coniuncta
1439 1706 1473 1760 et
1490 1695 1582 1780 quasi
1603 1694 1749 1782 colligata
1767 1692 1897 1782 reperi·

473 1839 558 1913 inus.
605 1833 771 1904 Omnium
796 1829 866 1898 sere
887 1831 1010 1897 artium
1030 1799 1245 1919 omniumque
1273 1833 1516 1923 disciplinarum
1543 1831 1721 1922 primordia
1747 1834 1784 1898 in
1804 1833 1897 1920 poesi

410 2041 420 2050 .
474 1971 553 2050 simt
580 1969 782 2064 quaerenda,
815 1979 851 2032 et
877 1967 1037 2056 originem
1069 1987 1162 2032 suam
1193 1969 1267 2056 plus
1300 1925 1453 2038 minusi'e
1488 1970 1645 2060 produnt⁴
1700 1927 1810 2057 Quam
1841 1968 1897 2036 diu

474 2127 594 2192 luctata
622 2123 670 2180 est
696 2105 916 2199 philosophia,
946 2106 1136 2195 priusquam
1165 2113 1326 2199 poeticam
1352 2124 1424 2178 tum
1453 2109 1596 2178 formam
1625 2119 1698 2173 tum
1727 2109 1897 2176 materiem

467 2256 653 2327 desereret!
694 2245 831 2324 Thales,
856 2243 984 2332 primus
1013 2243 1169 2316 Graeciae
1191 2234 1422 2339 philosophus,
1451 2260 1484 2314 et
1511 2245 1655 2314 sormam
1676 2258 1708 2312 et
1728 2248 1898 2313 materiem

477 2425 521 2470 ex
544 2386 771 2482 antiquissimis
800 2381 1082 2470 cosmogonlamm
1105 2395 1139 2451 et
1165 2386 1414 2476 theogoniarum
1439 2383 1623 2454 auctoribus
1651 2379 1764 2473 petiit}
1794 2384 1901 2472 petie-

476 2555 556 2614 runt
577 2532 710 2621 reliqui,
739 2545 820 2616 quos
841 2523 1058 2614 physicorum
1077 2523 1211 2589 nomine
1227 2527 1393 2614 appellare
1419 2525 1572 2589 solemus.
1621 2519 1733 2606 Quare
1752 2540 1823 2584 non
1846 2521 1901 2586 vi.

477 2683 556 2762 1100,
593 2694 651 2741 our
671 2677 800 2757 poetas,
836 2682 978 2750 quorum
1007 2658 1169 2724 rationem
1195 2661 1242 2728 illi
1263 2663 1393 2750 sequuti
1416 2672 1512 2744 sunt,
1540 2679 1611 2723 non
1633 2652 1748 2719 eodem
1769 2656 1902 2722 nomina
1932 2731 1935 2738 .

476 2809 689 2913 philosophos
714 2821 839 2890 yocarc
867 2799 969 2866 liceat.
1021 2797 1168 2866 Historia
1195 2814 1304 2870 autem
1332 2811 1449 2866 notum
1469 2807 1526 2896 'est
1558 2815 1655 2882 quam
1683 2792 1742 2860 diu
1773 2814 1794 2858 a
1826 2794 1930 2860 solis·

371 2959 377 2982 ¹
476 2959 579 3054 poen
606 2947 723 3021 nanu
752 2949 784 3003 et
811 2945 990 3023 prorum
1017 2933 1069 3000 sit
1121 2937 1195 3006 Nec
1216 2961 1413 3028 quemquam
1439 2939 1535 3005 nosse
1565 2933 1665 3023 rugis,
1694 2955 1792 3018 quam
1813 2945 1903 3000 sss

479 3115 618 3190 operum
640 3079 781 3154 artifices
805 3097 841 3140 te
862 3073 966 3164 poetis
989 3071 1216 3161 adjunxerint,
1239 3100 1417 3167 eorumque
1437 3077 1589 3168 perpetui
1609 3073 1746 3138 comiter
1762 3073 1905 3156 lucrium

478 3231 643 3330 quomodo
669 3223 714 3293 illi
741 3217 880 3298 lvrmtts
908 3213 1105 3282 carminibus
1133 3211 1175 3278 ab
1198 3214 1247 3282 his
1269 3215 1462 3306 descriptas,
1491 3215 1640 3306 miranda
1668 3225 1703 3280 at
1728 3215 1826 3304 plane
1851 3215 1904 3283 di·

480 3381 648 3448 vincern
667 3352 999 3448 repraesentaverint,
1029 3362 1068 3417 ut
1087 3352 1215 3422 Phidias
1237 3354 1396 3425 sublimen
1419 3355 1510 3420 lovis
1534 3353 1704 3443 Olympici
1728 3355 1903 3445 imaginem

480 3513 567 3608 ,pud
587 3509 774 3578 Homerum
795 3496 938 3564 invenit:
967 3491 1095 3578 etquid
1117 3505 1232 3581 poetae
1253 3494 1294 3560 ab
1323 3491 1498 3562 artificibus
1526 3496 1664 3562 mutuati
1693 3497 1773 3579 sint3
1802 3499 1845 3564 ita
1867 3511 1904 3564 ut

480 3660 664 3752 lyn'comm
687 3653 720 3709 et
749 3633 949 3724 tragicorum
978 3630 1185 3720 potissimum
1217 3634 1401 3698 carminum
1430 3633 1656 3723 interpretatio
1683 3658 1724 3700 ex
1753 3647 1904 3703 veterum

483 3813 622 3890 operum
649 3787 798 3853 accurata
824 3771 1007 3862 cognitione
1035 3769 1408 3860 saepememoratus,
1438 3781 1471 3836 et
1498 3781 1621 3872 eontra.
1671 3768 1785 3856 Quid?
1818 3775 1905 3860 quod

481 3939 609 4031 primae
628 3925 707 3994 adeo
729 3919 933 3987 Graecorum
959 3908 1173 4002 legislationes
1199 3907 1349 3978 versibus
1377 3907 1557 3995 descriptae
1584 3920 1619 3974 et
1644 3911 1771 3996 poetico
1798 3913 1907 3982 colore

482 4078 680 4163 temperatae
706 4070 793 4126 eunt.

568 4345 630 4419 Sed
661 4340 741 4410 haec
767 4336 877 4404 omnia
905 4331 1086 4400 accuratius
1115 4339 1149 4394 at
1180 4267 1370 4418 explicatius
1399 4321 1544 4393 traltabo
1572 4322 1609 4390 in
1629 4321 1776 4394 Graecae
1802 4333 1909 4417 poesi,

485 4490 635 4569 historia,
656 4500 754 4570 quam
774 4477 810 4542 in
830 4484 935 4538 certus
954 4468 1109 4557 quaedam
1128 4482 1316 4559 temporum
1336 4463 1495 4552 pmiodos'
1509 4461 1715 4531 distributam
1737 4471 1911 4535 vernacula

485 4637 595 4724 ungu,
617 4621 767 4719 mppr,
781 4635 949 4706 ἥψω
972 4631 1057 4676 rum.
1105 4578 1182 4696 Quo
1201 4605 1238 4673 iu
1258 4625 1360 4696 opere
1388 4603 1436 4672 sie
1458 4603 1584 4672 versari
1602 4605 1640 4674 in
1668 4604 1779 4670 animo
1799 4605 1912 4689 habeo,
