4196 5538
1165 451 1264 526 m,

494 711 625 796 tigerat,
658 698 840 768 Hesiodum
861 692 901 760 ad
926 694 1123 760 recentiores
1145 707 1257 783 poetes
1278 653 1421 775 reterre}
1454 705 1494 760 ut
1521 696 1589 782 qui
1604 693 1689 764 berre
1714 710 1922 786 «imperium

391 917 396 932 1
499 845 650 931 liaberet,
683 840 803 922 aliquot
824 843 900 897 ente
922 829 1106 896 Hesiodum
1129 842 1164 897 et
1191 831 1378 898 Homerum
1402 831 1515 896 seculis
1536 844 1648 942 poetas
1670 834 1774 898 muln
1795 841 1923 904 θεολο-

477 963 694 1072 -γικωτέρους
715 971 839 1036 vixisse
854 967 921 1048 33).
962 965 1066 1032 Nobis
1084 966 1219 1054 quidem
1240 967 1362 1034 ιιιιιιιιιι
1383 941 1524 1048 erudit,
1542 991 1571 1034 et
1562 967 1771 1048 'Hesiodum
1793 981 1827 1035 et
1847 971 1923 1036 Ho-

499 1137 631 1184 ruer-uns
654 1110 796 1196 juniores
825 1103 977 1192 appellari
1006 1102 1162 1169 audimus
1214 1105 1263 1171 At
1290 1081 1390 1170 inulta
1418 1127 1463 1170 ex
1482 1103 1550 1168 troo
1577 1119 1697 1191 genere
1726 1105 1819 1171 nobis
1840 1108 1925 1214 mira

500 1211 598 1362 hodie
618 1249 786 1322 vidtffntur,
816 1263 898 1327 quae
924 1240 1105 1306 Aristotelis
1125 1252 1227 1306 suste
1247 1243 1407 1308 naturales
1428 1239 1590 1305 habebant
1610 1203 1854 1328 expliootiones.
1880 1269 1927 1292 ·-

395 1436 403 1479 4
504 1392 566 1458 Sed
591 1391 630 1452 de
655 1383 751 1452 rebus
775 1393 808 1444 et
826 1378 952 1444 viribus
973 1387 1107 1441 naturae
1125 1373 1359 1464 personifioetis
1380 1399 1431 1442 ser
1432 1363 1565 1444 monem
1579 1377 1800 1456 instituerem.
1857 1378 1928 1442 Ita-

479 1523 482 1528 ’
506 1553 568 1617 que
589 1539 626 1591 ut
647 1524 710 1586 hoc
733 1519 793 1583 alio
813 1515 930 1581 idoneo
950 1511 1058 1598 idonei
1077 1497 1216 1577 audieris
1235 1514 1421 1580 testimonio
1439 1499 1652 1593 confirmem,
1684 1513 1769 1578 idem
1792 1511 1929 1578 Aristo-

504 1670 583 1732 teles
603 1663 674 1743 ³¹):
691 1679 694 1686 ⁴
709 1655 815 1720 “Non
840 1648 1003 1716 Hesiodus
1029 1657 1174 1728 tontum,
1204 1649 1328 1735 inquit,
1365 1651 1421 1718 sed
1449 1627 1603 1738 theologi
1623 1649 1757 1730 etism„
1772 1650 1831 1734 qui
1853 1629 1931 1712 ante

506 1825 582 1896 eum
607 1799 814 1867 floruerunt,
848 1787 957 1850 omnia
982 1785 1140 1849 elementa
1168 1797 1200 1849 et
1229 1787 1387 1874 principia
1417 1808 1527 1850 rerum
1554 1787 1590 1849 in
1619 1807 1775 1872 personas
1793 1784 1930 1862 ‚divinas
1983 1797 1990 1806 ·

506 1936 692 2012 mutarunt,
724 1941 757 1992 et
779 1907 857 2018 illud
878 1935 1007 1986 tantum
1029 1935 1235 2007 spectarunt,
1270 1924 1359 2008 quod
1382 1921 1541 2008 sibiipsis
1563 1921 1671 1986 visum
1697 1921 1738 1983 sit
1759 1919 1932 1998 credibile3

507 2079 811 2144 instrumentum,
843 2061 964 2148 quippe
995 2049 1050 2142 qui
1071 2060 1223 2124 mortales
1252 2059 1369 2138 simus,
1402 2057 1491 2122 obliti
1514 2070 1600 2126 sunt,
1659 2059 1747 2121 Nam
1769 2057 1931 2121 elementa

506 2169 630 2281 saeiunt
650 2191 745 2274 deos,
777 2211 809 2260 et
832 2193 1049 2272 contendunt,
1078 2196 1187 2258 omniu
1210 2194 1269 2272 dits
1298 2194 1457 2281 originem
1479 2215 1571 2258 suem
1593 2191 1725 2256 debere:
1754 2215 1793 2255 ea
1816 2163 1932 2254 eontra

508 2346 654 2416 interitui
680 2335 821 2400 obnoxia
848 2355 918 2430 esse
949 2331 1079 2410 dicunt,
1112 2351 1195 2414 quae
1225 2330 1304 2396 nihil
1332 2331 1469 2394 nectaris
1501 2296 1709 2416 gustassent’'.
1747 2359 1790 2377 -
1830 2328 1932 2392 Nullo

506 2489 606 2574 igitur
630 2475 727 2544 modo
751 2472 829 2535 haec
850 2467 1017 2558 primitiva
1039 2443 1176 2530 deosum
1198 2479 1330 2546 natura,
1367 2485 1465 2552 quem
1487 2465 1628 2551 genuino
1655 2485 1752 2528 serrsu
1781 2463 1932 2548 allegori-

510 2637 722 2726 cartovocare
745 2607 909 2726 lieet³²),
941 2602 1134 2669 indubium
1157 2604 1267 2667 vocari
1290 2577 1415 2687 potest·
1447 2623 1530 2686 quae
1561 2611 1648 2663 certe
1677 2609 1865 2686 argumente
1889 2597 1930 2661 ab

506 2765 564 2836 iis,
581 2756 652 2841 qui
673 2769 804 2814 sensum
827 2743 1016 2842 historicum
1036 2737 1155 2824 ubique
1175 2739 1364 2824 requirunt,
1397 2737 1500 2802 adhuc
1523 2747 1634 2800 eontra
1657 2737 1747 2800 allate
1770 2747 1862 2814 sunt,
1892 2755 1930 2796 ea

494 2882 606 2963 'runis
629 2890 712 2956 levio
742 2897 774 2949 et
802 2881 895 2946 exilia
923 2877 1004 2941 mihi
1032 2897 1101 2938 esse
1122 2875 1289 2954 videntur,
1325 2853 1424 2960 quam
1441 2885 1478 2938 ut
1498 2873 1538 2937 de
1556 2892 1763 2938 summeium
1784 2869 1931 2957 philoso-

409 3105 412 3110 ,
505 3033 654 3120 pirorrun
680 3018 868 3086 auctoritate
896 3011 1071 3100 quidquem
1099 3010 1279 3076 detrahent.

1040 3348 1044 3355 ·
1110 3319 1340 3434 xxxin.

596 3537 625 3600 E
653 3525 880 3617 scriptoribus,
917 3521 973 3606 qui
997 3514 1182 3584 Aristotelis
1212 3524 1350 3578 aetatem
1378 3509 1637 3596 subsequuntur,
1676 3508 1758 3574 nihil
1777 3507 1846 3572 sere
1865 3511 1933 3595 peti

511 3695 623 3762 posse,
642 3664 727 3756 quod
750 3660 929 3752 genuinum
950 3653 1115 3741 Orphicee
1140 3649 1364 3748 cosmogonise
1382 3649 1526 3714 oolorem
1549 3646 1658 3733 spiset,
1678 3656 1765 3710 recte
1786 3643 1934 3710 animad-

512 3855 957 3889 ......-------—

585 4005 633 4073 ³0)
651 4003 694 4059 ct.
721 4017 792 4070 quae
811 3998 976 4056 Aristoteles
1003 3993 1037 4048 de
1051 3985 1154 4044 ‘iisdem
1179 3985 1320 4056 theologis
1338 3981 1466 4039 observet
1483 3983 1553 4038 Met·
1571 3989 1613 4046 12,
1631 3983 1658 4040 6.
1684 3985 1710 4048 ἃ
1730 3987 1774 4043 14.
1800 3983 1834 4035 de
1851 3985 1936 4035 ιιιιίιιι.

512 4117 539 4170 1,
557 4111 583 4164 5.
606 4127 642 4144 -
677 4101 742 4158 Alit
760 4098 794 4150 de
812 4096 907 4149 eedem
925 4109 956 4162 rs
974 4089 1028 4142 nu.
1048 4103 1091 4154 op.
1110 4081 1372 4158 uanuomunst
1388 4083 1491 4140 Phuot
1508 4087 1580 4160 p.69
1597 4097 1671 4150 sqq,
1701 4079 1834 4149 Wagner.
1852 4077 1935 4131 ldsen

510 4207 588 4255 eirrsr
607 4199 790 4268 ulgerueiussr
809 4189 1002 4258 mythologie,
1027 4199 1054 4251 Ρ.
1067 4187 1128 4242 ³10·

585 4315 630 4378 ³¹)
649 4318 716 4372 orer.
734 4323 760 4380 ι,
778 4323 804 4376 ι.
857 4295 859 4302 ’

493 4519 495 4522 Ι
582 4441 631 4508 ³²)
648 4441 681 4494 ld
699 4439 826 4492 coneedit
843 4441 904 4504 ipse
922 4435 948 4490 J.
965 4431 1002 4486 H·
1020 4431 1141 4486 Vossius
1160 4431 1262 4502 (Epist.
1280 4428 1402 4496 ttyurot·
1426 4425 1461 4480 T·
1471 4433 1496 4486 1·
1514 4437 1543 4492 P·
1553 4429 1588 4484 14
1607 4422 1698 4494 sqq),
1731 4425 1782 4492 qui
1800 4425 1938 4490 antiquis-

510 4552 595 4601 simos
620 4545 749 4596 notiones
779 4537 989 4602 cosmogonices
1015 4533 1119 4598 optimo
1142 4530 1287 4598 explicuit.

946 4817 961 4848 ἱ
