4156 5586
433 705 619 792 primordiis
650 706 793 791 effluxit,
824 710 852 776 si
880 708 989 774 varios
1020 725 1129 786 casus,
1146 725 1243 792 ¹quos
1271 718 1358 772 aetas
1385 707 1533 794 mythice
1557 705 1619 780 sub
1648 703 1854 772 Graecorum
1963 717 1968 726 ’

433 846 630 932 scriptorum
651 845 800 910 manibus
820 864 913 932 passa
934 855 1009 924 est,
1031 844 1140 908 animo
1170 854 1284 908 nostro
1315 845 1493 932 colligimus
1523 856 1553 910 et
1576 844 1855 930 contemplatum

433 983 462 1084 qi
483 981 621 1068 denique
649 954 783 1070 exiguas
801 981 930 1046 illarum
952 1000 1065 1045 rerum
1087 979 1254 1065 reliquias,
1285 981 1324 1046 ad
1347 1003 1407 1046 nos
1430 981 1567 1063 delatas,
1596 979 1856 1058 consideramusa

432 1141 502 1184 non
524 1141 698 1206 possumus
720 1140 796 1182 sane
816 1139 884 1182 non
906 1118 1076 1206 deplorare
1098 1115 1215 1182 harum
1237 1108 1418 1184 litterarum
1440 1116 1554 1198 fatum,
1575 1117 1695 1183 durum
1714 1115 1799 1184 istud
1823 1127 1855 1180 et

434 1255 644 1335 inexorabile,
667 1254 752 1340 quod
773 1243 1005 1332 accuratiorem
1025 1253 1233 1340 politissirnae
1252 1255 1470 1334 humanitatis,-
1492 1255 1659 1320 aGraecis
1680 1265 1855 1338 susceptae,
1942 1265 1945 1274 ¹

303 1411 311 1424 ·
389 1449 390 1452 ,
434 1391 654 1476 cognitionem
682 1392 775 1456 nobis
795 1391 929 1472 invidit3
961 1389 1049 1478 quod
1074 1391 1199 1476 primos
1222 1392 1379 1478 igniculos
1408 1393 1557 1457 omnium
1587 1389 1656 1456 fere
1681 1387 1801 1455 artium
1823 1401 1856 1456 et

431 1526 679 1614 discipli-narum.
695 1529 906 1596 inventarum
928 1526 1049 1592 abdidit
1071 1539 1102 1591 et
1121 1547 1226 1613 paene
1247 1529 1409 1610 extinxit?
1428 1527 1513 1616 quod
1534 1529 1641 1594 omnis
1666 1526 1856 1614 splendoris,

432 1657 474 1728 ab
499 1667 755 1751 ingeniosissimo
776 1668 899 1758 populo
917 1647 1084 1754 producti,
1115 1687 1225 1730 causas
1247 1678 1279 1730 et
1301 1666 1444 1730 rationes
1472 1677 1642 1752 tantopere
1662 1663 1857 1758 obscpravit,

281 1802 284 1818 '
419 1811 472 1866 'ut
495 1803 553 1867 via
574 1815 672 1867 tenue
693 1805 806 1869 lumen
826 1801 1017 1881 habeamus,
1051 1814 1084 1865 et
1112 1805 1223 1868 omnia
1242 1799 1332 1888 quasi
1352 1801 1590 1886 peruebulam
1613 1805 1794 1866 cernamus}

402 1999 406 2012 ,
519 1904 618 2004 Juvat
642 1952 752 2004 tamen
776 1953 806 2004 et
829 1915 890 2004 hos
911 1938 1129 2003 tenebricosos
1145 1932 1349 2023 ¹antiquitatis
1370 1937 1458 2014 lucos
1480 1937 1601 2002 intrare
1622 1905 1654 2036 et
1674 1959 1856 2026 peragrare,

436 2095 505 2140 non
525 2086 649 2142 tantum
672 2077 755 2144 cti-ca
778 2070 903 2163 apricos
925 2075 1075 2140 historiae
1105 2079 1239 2162 campos
1258 2075 1399 2155 versari,
1427 2073 1669 2140 amoenissimos
1692 2075 1763 2140 illos
1783 2074 1858 2160 qui-

438 2208 531 2306 dem,
551 2211 609 2275 sed
629 2235 824 2278 communes
841 2225 873 2277 et
897 2212 1003 2278 tritos.
1041 2210 1090 2277 Ut
1109 2192 1274 2298 Daphnen
1297 2231 1409 2275 amans
1428 2210 1563 2298 Apollo,
1584 2210 1681 2276 sicet
1704 2213 1759 2298 qui
1779 2211 1859 2278 baec
1947 2267 1956 2275 .

442 2347 607 2434 Apollinis
640 2359 963 2448 castrasequuntur,¹
990 2313 1113 2434 ingenti
1139 2348 1328 2426 Musarum,
1353 2347 1530 2414 deviarem
1556 2350 1705 2416 lucorum
1726 2307 1857 2414 umbria

442 2447 684 2570 quaerentium,
706 2486 993 2572 amore‘perculsi,
1025 2497 1057 2549 et
1077 2485 1267 2550 suauissima
1285 2483 1403 2548 horum
1421 2484 1603 2552 studiorum
1624 2485 1789 2550 dulcedine
1810 2488 1864 2552 al·-

440 2622 523 2701 lecti,
545 2624 572 2688 si
587 2645 651 2710 qua
666 2624 777 2702 latent,
795 2621 929 2700 meliora
948 2582 1074 2706 panant.
1114 2621 1172 2685 Illa
1192 2641 1307 2684 arcena
1326 2639 1394 2684 uon
1408 2590 1603 2706 promiscue,
1624 2639 1731 2706 neque
1748 2593 1859 2688 bmni-

441 2757 501 2822 bus
528 2759 744 2834 investibulo
768 2755 990 2837 haerentibus,
1011 2756 1066 2820 sed
1089 2735 1220 2821 initialis
1242 2755 1399 2822 duntaxat
1419 2753 1550 2843 patent,
1569 2769 1605 2823 ut
1622 2758 1762 2826 Romani
1781 2760 1881 2846 phi-.
1910 2785 1916 2799 ·

440 2895 567 2982 losophi
588 2895 698 2960 verbis
719 2905 809 2976 utar3
828 2893 963 2959 reducta
982 2906 1015 2957 et
1035 2893 1070 2958 iu
1090 2892 1244 2974 interiore
1266 2894 1405 2958 sacrario
1429 2895 1532 2974 clausa
1550 2907 1637 2960 sunt.
1677 2897 1859 2962 Verumta-

441 3053 519 3096 men
541 3033 576 3098 in
596 3025 661 3096 hoc
682 3031 878 3116 antiquitatis
899 3029 1087 3116 labyrintho
1108 3027 1175 3094 fido
1192 3029 1274 3094 duce
1291 2995 1489 3099 'rixycarere
1510 3043 1543 3096 te
1561 3052 1656 3133 posse
1678 3047 1860 3120 quum-per

443 3189 477 3232 rc
499 3169 534 3232 iu
558 3171 665 3235 oculus
691 3170 846 3249 incurrit,
873 3181 947 3232 mm
966 3167 1067 3232 multa
1089 3178 1120 3232 et
1143 3155 1236 3233 'varis
1259 3168 1408 3234 virorum
1433 3167 1603 3232 doctorum
1626 3173 1775 3256 exempla
1798 3171 1859 3234 do-

444 3317 533 3382 cent,
564 3307 698 3396 quiaut
725 3307 850 3372 nudum
874 3305 1043 3386 comitem,
1072 3317 1127 3370 eut
1153 3301 1291 3370 infidum
1320 3319 1352 3370 et
1381 3304 1542 3390 fallacem,
1575 3305 1748 3392 Ingenium
1773 3320 1859 3395 puta,
1899 3395 1907 3406 .
1959 3313 1966 3328 '

388 3531 393 3536 ι
444 3441 505 3507 sibi
527 3441 837 3532 adjungentes,illic
864 3454 896 3506 et
924 3441 1001 3506 olim
1023 3439 1173 3506 et'bodie
1200 3440 1235 3505 in
1260 3440 1379 3534 alienas
1400 3441 1480 3506 vias,
1497 3453 1528 3505 et
1555 3429 1703 3519 tramites
1727 3444 1860 3513 deoma-

295 3563 299 3575 ’
399 3565 403 3570 ’
441 3590 541 3658 runt,
567 3601 652 3666 quae
679 3579 720 3645 ad
748 3579 912 3644 Errorum
941 3577 1140 3642 domicilitun
1170 3577 1288 3660 insciqs
1318 3578 1452 3642 ducunt
1499 3579 1532 3646 Si
1564 3599 1648 3646 vero
1677 3581 1860 3667 incorrupti

324 3702 369 3810 ,
443 3715 562 3784 ludicii
588 3729 627 3783 et
648 3717 792 3785 Rationis
817 3716 1017 3782 scrutatricie
1040 3713 1119 3780 tidei
1144 3725 1176 3780 ta
1202 3713 1393 3797 credideris,
1421 3736 1502 3803 quae
1529 3729 1560 3781 et
1583 3735 1645 3802 por
1675 3713 1858 3782 fabularum

444 3838 612 3919 simulacre
640 3877 677 3918 ac
704 3853 858 3934 ludibria,
895 3852 987 3919 ratio
1009 3851 1215 3937 dissonoque
1246 3871 1328 3916 sono
1355 3865 1387 3924 te
1417 3854 1560 3940 nudique
1594 3853 1859 3920 circumvolitar-
1963 3865 1965 3868 '

385 3977 389 3982 ’
418 3988 506 4068 tis,
533 4003 565 4054 et
592 4013 652 4077 per
672 3991 742 4080 ‘alta
771 3989 923 4056 historiae
951 3989 1075 4054 silentia
1099 3999 1132 4052 te
1160 3988 1332 4054 comitetur
1359 3957 1391 4054 et
1411 3989 1572 4066 traducat,
1601 3999 1673 4052 tum
1695 3990 1774 4058 udril
1803 4003 1859 4076 est,

444 4125 530 4210 quod
553 4125 694 4208 dubites,
721 4141 755 4194 te
775 4124 963 4214 aliquando,
989 4111 1285 4235 quemvispdissieili
1306 4137 1338 4190 et
1360 4125 1459 4190 ardua
1486 4126 1553 4204 via,
1583 4121 1623 4189 ad
1648 4127 1759 4194 sedem
1785 4131 1873 4198 Ve··

442 4262 543 4330 sitatis
574 4277 828 4352 perventurum.
886 4265 980 4334 lllam
1008 4263 1067 4328 tibi
1101 4253 1272 4328 concdiare
1298 4259 1412 4342 studes
1447 4261 1500 4330 itta
1527 4259 1673 4344 Ariadne
1699 4277 1754 4332 tua
1781 4279 1866 4350 esto„

441 4419 524 4492 quae
544 4400 604 4468 tibi
629 4397 719 4469 unm
741 4401 913 4490 praebente
951 4379 1038 4468 iilam
1063 4399 1091 4466 sl
1115 4398 1310 4479 deserueris,
1342 4399 1453 4466 similis
1475 4385 1624 4468 Deorum
1651 4405 1701 4472 irs
1725 4403 1866 4492 tepus

441 4550 613 4622 sequetur,
640 4560 738 4627 quam
759 4537 882 4606 Thesei
901 4538 980 4608 olim
997 4535 1134 4628 perfidia
1155 4547 1290 4626 expett!
1309 4545 1370 4613 etl·
